2984 4667
281 267 314 315 33

247 436 425 501 storiam“*
448 436 481 498 in
503 433 643 499 fontibus
667 437 742 516 suia,
757 437 809 516 qvi
831 441 939 501 tamen
951 436 1060 501 Sullae
1082 442 1220 501 aetatem
1242 454 1307 501 non
1324 453 1377 500 sn-

247 557 371 635 perant,
394 553 551 618 invenerit
572 572 613 617 an
635 546 786 635 ipse‘suo
809 555 945 634 tempori
968 554 1192 623 convenienter
1219 552 1376 619 admiscu-

247 672 319 751 erit,
341 689 404 735 non
428 672 576 753 dijudico.

350 792 467 871 Atqui
490 790 604 870 evenit,
626 795 663 854 ut
688 795 783 871 porta
805 791 974 871 praetoria,
999 808 1078 870 qvae
1100 791 1185 871 apud
1207 790 1376 873 Polybium

247 909 392 975 hostibus
415 926 528 973 aversa
550 912 609 987 est,
628 906 775 973 Caesaris
791 912 898 973 aetate
915 909 1052 973 adversa
1066 906 1179 973 fieret?
1202 906 1378 975 Rudorff*‘

249 1027 396 1108 augurali
424 1026 590 1108 disciplina
612 1028 733 1106 nititur,
757 1045 827 1091 cum
855 1032 980 1107 portam
1007 1028 1214 1092 decumanam
1239 1033 1272 1091 et
1293 1003 1388 1090 fron-¹
1479 1057 1481 1080 ι

247 1151 312 1211 tem
333 1150 511 1237 castrorum
528 1147 560 1209 in
578 1145 773 1211 occidentem
790 1145 901 1224 solem,
923 1163 1015 1226 qvem
1033 1145 1187 1210 adversus
1205 1144 1378 1209 secundum

247 1264 457 1343 antiquiorem
478 1264 677 1344 disciplinam
689 1282 792 1344 augur
802 1268 971 1344 spectaret,
984 1280 1154 1328 conversas
1170 1280 1251 1342 esse,
1264 1268 1377 1343 postea

249 1380 354 1445 fronte
377 1383 551 1462 spectantis
573 1387 615 1447 et·
637 1387 816 1447 castrorum
835 1384 867 1446 in
892 1382 1047 1447 orientem
1075 1398 1169 1446 versa
1188 1382 1285 1445 etiarn
1307 1398 1380 1461 por-

247 1494 315 1563 tam
329 1501 522 1580 praetoriam
544 1501 577 1563 in
599 1499 705 1564 fronte
718 1483 980 1579 eorum'positam
1003 1516 1075 1563 esse
1094 1499 1264 1563 existimat.
1292 1497 1382 1562 Licet

250 1635 326 1681 uero
350 1618 446 1683 aliter
467 1637 504 1683 ac
523 1618 642 1683 Nissen
655 1620 711 1658 ***
728 1618 866 1683 Rudorff
884 1622 970 1683 recte
994 1617 1144 1682 statuerit
1158 1618 1192 1681 in
1214 1616 1382 1696 disciplina

251 1736 400 1815 augurali
421 1736 659 1801 conversionem
677 1737 728 1802 vel
738 1737 975 1817 mutationem
992 1737 1032 1802 ab
1049 1736 1213 1801 occidente
1228 1736 1262 1799 in
1279 1736 1382 1800 orien-

251 1858 317 1918 tem
341 1855 416 1918 olim
438 1856 556 1921 factam
581 1873 662 1935 esse,
686 1860 794 1920 tamen
815 1855 897 1920 hanc
917 1856 1126 1934 mutationem
1149 1857 1189 1920 ad
1205 1860 1383 1919 castrorum

252 1984 362 2056 portas
385 1976 553 2038 mutandas
572 1978 647 2054 post
668 1972 794 2055 Polybic'
814 1978 943 2038 aetatem
964 1974 1072 2039 valere
1093 1974 1237 2055 potuisse
1254 1974 1384 2038 minime

251 2093 417 2173 probabile
451 2096 509 2171 est,
533 2092 726 2172 praesentim
749 2110 820 2157 curn
841 2092 977 2156 Romani
1005 2092 1074 2155 sine
1096 2092 1193 2157 dubio
1215 2110 1329 2173 pamm
1352 2092 1382 2156 in

252 2213 366 2276 castris
400 2211 555 2292 ponendis
589 2211 629 2275 de
662 2212 743 2283 caeli
775 2212 880 2291 plagis
902 2229 1011 2275 curam
1033 2211 1197 2275 haberent.
1243 2208 1384 2291 Simplex
1479 2267 1481 2284 ,

252 2336 293 2409 et,
317 2335 354 2393 ut
376 2330 497 2410 opinor,
509 2335 598 2393 recta
615 2329 784 2409 explicatio
804 2329 872 2409 Jam
893 2329 926 2392 in
949 2330 1094 2393 manibus
1116 2335 1176 2394 est.
1220 2328 1331 2409 Lange
1342 2329 1383 2409 li

253 2449 375 2529 primus
387 2448 614 2512 animadvertit
624 2465 724 2527 neqve
736 2448 864 2511 omnino
878 2453 1010 2528 propter
1025 2448 1108 2512 viam
1126 2447 1311 2529 quintanam
1322 2448 1384 2528 †††
1479 2511 1480 2514 ,

229 2616 231 2639 ,
255 2566 419 2647 quisquam
441 2571 491 2631 est
513 2566 565 2646 qvi
587 2583 651 2630 non
673 2566 790 2646 videat,
813 2570 1038 2645 praetenturae
1058 2566 1160 2630 libelli
1183 2570 1311 2647 partem
1334 2583 1384 2629 co·
1479 2585 1480 2588 ¹

181 2681 195 2779 ᾗ
256 2684 357 2747 hortis
376 2684 555 2765 praetoriae
573 2683 657 2764 apud
669 2682 836 2769 Polybium
852 2684 1057 2764 respondere,
1070 2688 1106 2747 ut
1121 2683 1276 2747 lateribus
1293 2701 1384 2763 prae·

254 2802 329 2866 terii
352 2805 385 2865 et
406 2805 590 2865 retenturae
625 2802 783 2865 exercitus
817 2803 943 2883 strigas.
988 2803 1034 2867 Ac
1056 2803 1084 2866 si
1110 2803 1307 2881 praetorium
1330 2794 1383 2865 ob·
1479 2775 1481 2870 [

254 2921 387 3001 longum
408 2921 441 2983 in
463 2920 533 2984 loco
568 2920 708 2999 equitum
740 2921 879 3000 positum
903 2925 962 2999 est,
984 2924 1021 2983 ut
1041 2920 1148 2986 media
1168 2925 1384 2985 castratene·
1479 2941 1481 2951 ι

256 3044 316 3117 ret,
340 3043 372 3103 et
394 3038 608 3119 quaestorium
619 3055 701 3118 pone
716 3038 749 3103 id
761 3039 803 3102 ad
815 3040 951 3103 alterum
964 3040 1049 3104 latus
1072 3043 1260 3116 castrorum,
1270 3038 1384 3115 nevia

255 3157 425 3238 praetoria,
450 3175 529 3237 qvae
559 3157 599 3220 ad
627 3164 753 3238 portam
774 3159 968 3239 praetoriam
990 3158 1136 3237 ducebat,
1157 3157 1384 3223 intercludere·

209 3354 212 3360 ι
256 3280 310 3338 tur
332 3280 365 3339 et
387 3275 617 3355 obstrueretur,
645 3276 852 3340 constitutum
885 3281 944 3356 est,
972 3294 1025 3341 res
1057 3276 1129 3357 ipsa
1159 3276 1323 3357 poscebat,
1345 3292 1384 3339 ne

259 3394 473 3472 quaestorium
495 3392 640 3458 hostibus
664 3387 854 3474 obiceretur,
877 3396 934 3460 sed
955 3400 993 3460 ut
1014 3396 1209 3460 contrarium
1230 3395 1316 3458 latus
1338 3394 1383 3458 eis
1479 3441 1481 3490 4

376 3624 392 3656 *
411 3624 453 3686 34,
472 3625 512 3679 47.

360 3718 390 3750 **
410 3716 576 3771 Feldmesser
594 3717 629 3781 Il,
648 3720 707 3781 343,
724 3720 777 3775 345
795 3733 850 3786 sqv.

342 3811 391 3845 aaa
408 3810 545 3879 Templum
562 3826 588 3878 p.
607 3814 640 3867 14
658 3828 714 3879 squ.

373 3904 394 3973 †
411 3904 451 3957 De
469 3920 501 3957 ea
518 3908 607 3958 tamen
625 3904 744 3959 dubitari
762 3910 860 3973 potest.

353 4000 392 4059 ††
411 3998 482 4051 Hist.
499 4001 564 4059 nrut,
582 4014 607 4066 p.
627 4002 658 4055 64
677 4015 703 4051 n.
723 4002 763 4054 11.

333 4090 426 4160 ffic
453 4089 694 4157 17‚P01.V1‚3o‚
713 4095 737 4147 6.
