2984 4667
1190 262 1227 313 33

128 429 301 494 adversum
334 428 653 510 fieret,·pracsertim
686 446 757 495 oum
791 428 1038 510 amplificaretur
1071 437 1104 496 et
1131 432 1261 513 maj0ris

129 548 313 613 securitatis
341 566 455 613 caussa
476 548 618 629 oqvitatu
640 548 827 628 repleretur.
851 582 892 593 -
915 546 1089 613 Confirmat
1115 552 1198 631 qvod
1221 553 1260 617 de

127 673 277 747 tempora
309 667 527 749 dispositionis
561 672 738 732 castrorum
773 667 909 731 disserui
943 668 1040 732 etiam
1074 668 1194 734 Paulus
1222 690 1261 734 ex

19 830 21 867 r
126 779 227 849 Festo
250 804 280 865 p.
304 786 367 851 256
390 784 434 849 Μ.
447 785 514 869 (qvi
536 786 626 850 locus
642 803 705 849 non
722 785 827 849 minus
844 789 966 861 temere
983 786 1121 865 scriptus
1137 793 1170 851 ct
1188 806 1260 852 oon·

18 895 20 957 ὲ
126 902 235 969 fectus
259 910 309 968 est
330 921 422 984 qvam
444 922 475 984 p.
493 905 557 969 224
574 906 614 985 (s.
626 922 655 967 ιι.
667 902 868 985 principalis)
890 908 923 967 ct
944 923 964 967 a
984 904 1151 989 Nissenoff‘
1174 906 1260 971 aliis·

127 1039 191 1101 qve
226 1022 418 1103 depravatus
451 1020 532 1105 est):
557 1022 724 1104 „quintana
746 1022 927 1102 appellatur
960 1028 1054 1102 porta
1085 1024 1261 1089 incastris

125 1144 201 1219 post
232 1140 436 1221 praetorium,
460 1140 514 1203 ubi
537 1159 644 1205 rerum
658 1140 851 1227 ¹utensilium
873 1139 977 1204 forum
1000 1141 1112 1205 sit.“**
1155 1143 1257 1207 Porta

128 1260 215 1323 enim
243 1260 393 1339 qvintana
421 1259 581 1323 interdum
608 1260 641 1321 in
668 1264 810 1323 extrema
839 1258 891 1322 via
912 1259 1063 1338 quintana
1090 1261 1262 1325 constituta

128 1382 191 1458 ost,
213 1384 252 1442 ut
272 1397 290 1443 e
311 1378 414 1442 ruinis
440 1382 618 1443 castrorum
644 1378 685 1441 ad
713 1377 832 1460 „serry
853 1396 895 1441 au
916 1377 1066 1443 Eadm
1094 1384 1128 1444 et
1149 1379 1259 1445 libello

129 1496 405 1580 (c.1t)apparet;
429 1514 615 1577 qvamqvam
631 1496 819 1577 Joscphus†
833 1502 990 1589 nquattuor
1011 1500 1134 1561 tantum
1151 1503 1261 1578 portas

129 1622 288 1681 memorat
310 1620 342 1679 et
364 1615 478 1680 solitae
500 1619 649 1695 quattuor
670 1619 784 1695 portae
806 1616 903 1679 etiam
919 1616 1112 1688 incastellis
1127 1615 1260 1681 Nicder·

129 1733 243 1799 bieber
265 1736 298 1797 et
320 1732 477 1815 Saalburg
499 1732 712 1797 inveniuntur.
725 1733 767 1813 ††
790 1768 829 1779 -
853 1732 940 1797 Nihil
964 1732 1077 1813 habeo,
1090 1752 1146 1799 our·
1163 1753 1261 1814 qvae·

130 1852 269 1916 stionem
301 1856 465 1931 portarum
500 1856 600 1931 nsqv'e
620 1851 655 1913 in
682 1855 809 1931 tempus
841 1850 1088 1933 Byzantinorum
1110 1852 1169 1916 hoc
1191 1854 1260 1918 loco

129 1987 313 2051 persequar,
336 1974 373 2032 ut
404 1968 506 2032 voluit
538 1968 746 2050 Nissen;†††
769 1969 847 2033 nihil
869 1970 958 2034 aliud
979 1971 1073 2050 addo,
1095 1972 1157 2035 nisi
1179 1973 1261 2051 qvod

131 2090 334 2169 „Anonymus
356 2087 568 2170 Byzantinus’
601 2089 653 2169 qvi
672 2094 742 2152 erat
764 2105 802 2153 eo
824 2088 997 2170 tempore§
1020 2090 1060 2153 dc
1083 2090 1262 2155 nominibus

129 2211 298 2288 portarum
322 2206 532 2277 castrensium
554 2206 632 2270 nihii
654 2213 820 2271 memorat.

233 2326 369 2391 Errares
391 2332 498 2391 mmen
521 2325 735 2421 vehementer,
754 2327 782 2389 si
799 2326 985 2406 quadratam
1002 2327 1149 2392 crederes
1165 2345 1259 2391 unam

36 2470 45 2493 ·
130 2452 164 2511 et
196 2422 299 2509 solam
332 2444 467 2510 formam
501 2448 677 2509 castrorum
711 2461 810 2523 usqvc
837 2462 857 2508 a
884 2444 1032 2509 Caesaris
1065 2444 1260 2526 temporibus

129 2565 240 2628 fuisse.
258 2563 419 2659 'Apparet
440 2581 531 2627 usum
554 2563 715 2627 Romanos
738 2562 940 2643 abstinuisse,
965 2564 1038 2644 qvin
1065 2565 1134 2628 sola
1156 2570 1261 2630 castra

130 2683 286 2764 qvadrata
307 2686 476 2763 ponerent3
499 2681 589 2761 ouJus
612 2682 659 2746 rei
682 2681 779 2746 ctiam
797 2685 884 2745 certa
899 2682 1082 2745 testimonia
1098 2681 1258 2747 habemus.

250 2901 264 2930 ¹*
282 2898 420 2966 Templum
437 2914 463 2967 p.
482 2900 524 2953 44.

235 2992 264 3023 *¹
283 2990 337 3045 cn.
356 2992 413 3045 Lir.
431 2994 473 3054 41,
491 2994 516 3046 2.

216 3064 266 3120 *rr
284 3084 372 3147 oster,
390 3083 447 3137 tas.
465 3082 552 3147 xum,
571 3086 619 3147 ιη
637 3084 785 3152 asponon,
802 3084 880 3137 utras
898 3083 954 3146 aas,
972 3087 989 3139 a
1006 3088 1040 3134 A.

248 3183 268 3243 †
287 3177 318 3231 B.
336 3177 400 3231 dud.
419 3176 469 3240 111,
487 3179 512 3242 5,
529 3181 555 3233 2.

226 3276 266 3335 ††
287 3271 427 3325 Cohausen
450 3271 482 3323 in
508 3269 691 3339 disputatione
718 3286 796 3339 qvam
821 3284 902 3338 snpra
923 3269 1066 3321 memorari
1082 3268 1151 3322 falso
1168 3272 1260 3338 portas

127 3350 294 3434 lonffdffibua
313 3363 442 3418 latoribus
461 3362 561 3417 adfixas
579 3364 721 3433 quintanas
739 3364 872 3426 nominat;
893 3367 924 3416 ut
940 3366 1032 3430 portas
1049 3363 1210 3431 praetoriam
1228 3369 1256 3419 ot

129 3456 302 3511 decumanam
328 3458 399 3512 inter
424 3476 453 3513 so
479 3456 627 3521 confundit,
653 3473 731 3527 qvam
758 3457 784 3509 in
812 3448 992 3510 confusionem
1009 3455 1090 3508 etiam
1108 3456 1192 3525 Kricg
1208 3474 1259 3511 ron

130 3550 297 3605 Hochielden
315 3550 422 3617 (Gesoh.
441 3551 488 3606 der
505 3550 780 3605 Militararohitektur
798 3565 822 3602 a.
841 3552 908 3607 1859
920 3565 945 3617 p.
957 3551 1005 3615 58)
1022 3548 1051 3600 in
1064 3548 1173 3601 castello
1187 3548 1263 3603 Saal-

47 3682 50 3687 -
129 3644 256 3712 burgensi
274 3626 445 3699 describendo
463 3643 568 3698 incidit.
594 3642 781 3697 confusionem
798 3645 887 3695 autem
908 3658 965 3695 esso
977 3640 1146 3694 vestibulum*
1157 3640 1263 3697 demon-

129 3740 207 3800 strat,
227 3736 297 3805 qvod
316 3738 373 3790 sino
391 3738 472 3791 dubio
490 3738 518 3790 in
536 3737 624 3791 fronto
641 3736 781 3804 practoriii
798 3734 914 3804 positum
932 3737 998 3797 erat,
1017 3734 1100 3787 atria
1112 3736 1262 3802 praetoria„

131 3845 198 3897 qvae
217 3846 233 3883 a
250 3831 385 3898 praetorio
403 3830 508 3884 castelli
527 3828 732 3897 Saalbnrgcnsis
751 3827 785 3881 ad
796 3831 901 3896 portam
913 3827 1074 3903 praetoriam
1086 3826 1168 3881 ducit.
1190 3827 1263 3881 idam

134 3938 149 3976 e
167 3922 314 3977 latitudine
332 3924 437 3992 aliaque
454 3922 617 3977 extructionc
635 3924 774 3991 portarum
792 3920 913 3975 officitur.

209 4020 271 4080 †††
290 4015 364 4069 Nona
382 4016 501 4069 Jahrbbr
518 4017 536 4069 l.
556 4017 574 4069 l.
730 4080 733 4087 ⁴
970 3999 975 4007 ’

251 4113 266 4174 §
284 4108 388 4178 chhly
406 4112 434 4162 et
451 4107 569 4169 Rtistow,
588 4107 693 4162 Grieoh.
712 4104 998 4176 Kriogsschriftstellcr
1015 4106 1051 4171 11,
1068 4109 1094 4161 2.
