2984 4667
282 278 315 326 34

1215 342 1233 427 t

246 447 330 511 Fieri
358 464 435 509 sane
456 449 572 526 potest,
595 449 631 508 ut
658 442 805 508 Caesaris
828 447 950 524 ,castra
972 443 1099 507 lunata“
1121 444 1163 507 ad
1185 443 1378 526 Trapsum*

245 565 351 647 posita
381 564 460 629 nihil
482 563 579 639 aliud,
601 566 638 625 ut
660 566 752 642 putat
772 560 911 640 Rustosr,
924 559 963 598 ⁸*
991 561 1053 625 nisi
1076 562 1213 643 ,aliquot
1234 562 1373 641 oblonga
1473 575 1475 650 j

246 688 351 748 castra
372 681 550 747 IntervaIIIs
571 681 655 743 inter
678 697 712 743 se
730 679 903 760 disjuncta“
915 678 1049 757 fuerint3
1068 679 1135 760 jam
1152 686 1226 745 ante
1243 680 1373 745 tertium
1473 663 1475 675 .

246 802 409 867 sacculum
436 804 544 864 tamen
571 802 678 862 castra
703 796 799 860 aliter
821 801 966 861 extructa
987 798 1008 860 i.
1032 815 1060 862 e.
1083 799 1229 863 rotundis
1251 798 1303 862 vel
1325 816 1375 862 ro·
1473 867 1475 894 ,

246 920 387 984 tundatIs
409 914 632 982 lateribus***
654 916 687 978 in
709 932 801 979 nsum
824 920 953 995 recepta
975 933 1046 981 esse
1074 916 1286 981 certissimum
1311 921 1376 994 est,
1473 899 1474 950 Ψ

246 1039 320 1118 qvin
348 1038 443 1101 etiam
472 1053 551 1115 qvae
578 1033 726 1099 Caesaris
755 1033 839 1113 apud
860 1032 961 1115 Berry
988 1052 1030 1097 an
1051 1034 1116 1099 Bac
1136 1036 1243 1115 posita
1270 1039 1377 1099 castra
1473 1101 1474 1108 χ

246 1154 394 1220 feruntur
425 1170 526 1235 paene
558 1154 600 1216 ad
632 1169 777 1219 normam
804 1152 958 1231 quadrata
986 1154 1102 1233 sunt.†
1146 1154 1234 1218 Idem
1256 1152 1375 1233 signifi·

247 1278 320 1338 cant
340 1291 420 1353 qvae
437 1277 548 1337 auctor
567 1271 668 1336 libelli
685 1270 771 1335 dicit.
783 1271 826 1351 ii
859 1271 956 1337 Falso
972 1271 1070 1351 igitur
1080 1271 1189 1352 Lange
1200 1273 1265 1353 ill
1288 1272 1376 1350 dicit,

246 1392 416 1471 postremis
428 1392 554 1455 demum
565 1391 798 1470 Imperatorum
816 1389 1013 1469 temporibus
1030 1390 1112 1454 alius
1128 1390 1252 1455 formae
1270 1395 1376 1455 castra

247 1513 376 1589 praeter
407 1508 537 1573 tertiata
569 1511 724 1587 usurpata
758 1524 839 1570 esse.
884 1505 1041 1588 Opinione
1070 1508 1173 1572 minus
1197 1508 1237 1572 de
1259 1507 1320 1572 hac
1343 1527 1376 1572 re
1429 1546 1431 1552 ·
1473 1523 1474 1560 ss

248 1628 363 1692 docent
383 1626 548 1705 relliquiae
562 1660 563 1665 κ
576 1624 792 1689 castellorum.
839 1625 891 1689 Ad
911 1626 1019 1705 priora
1040 1626 1273 1706 Imperatorum
1295 1629 1377 1690 tem·
1473 1674 1475 1724 ;

248 1761 327 1827 pora
359 1745 560 1825 pertinentia,
594 1761 674 1823 qvae
705 1743 746 1806 ad
768 1761 837 1806 rem
870 1743 1095 1807 illustrandam
1127 1744 1266 1823 valeant,
1289 1744 1378 1807 nulla
1473 1737 1475 1812 ἶ

249 1863 361 1945 novi.§
406 1863 509 1928 Venta
530 1863 706 1939 Icenorum,
729 1862 806 1925 olim
828 1859 996 1928 castellum
1028 1880 1204 1941 romanum,
1226 1863 1280 1926 vix
1303 1867 1379 1926 ante
1473 1893 1475 1949 4

249 1982 483 2047 DiocletIanum
504 1980 673 2062 aedificata
696 1985 780 2059 sunt,
798 1984 834 2043 nt
856 1985 1004 2045 monetae
1025 1982 1070 2045 ibi
1092 1986 1239 2062 repertae
1262 1983 1379 2046 docere
1473 1975 1475 1989 ἶ

249 2100 457 2183 adepturos
500 2100 623 2164 Eodem
657 2100 751 2164 modo
786 2097 943 2163 Caumont
965 2099 1011 2180 (in
1035 2098 1137 2164 Gours
1164 2099 1380 2180 d’Antiquiids
1473 2098 1475 2188 j

250 2219 456 2299 monument.)
480 2220 530 2283 oui
563 2236 624 2282 non
647 2218 782 2282 multum
810 2223 941 2298 propter
967 2218 1106 2283 insulsas
1128 2219 1378 2283 animadversio·
1473 2303 1475 2312 .

248 2354 306 2400 nes
319 2336 377 2419 §§§
410 2342 443 2401 et
474 2338 599 2417 ineptas
632 2336 890 2424 explicationes*
922 2336 1126 2402 tribuendum
1154 2343 1214 2416 est,
1243 2337 1378 2402 castella
1473 2323 1474 2394 l

367 2555 381 2582 *
399 2554 466 2608 Bell.
486 2554 544 2607 Afr.
564 2570 585 2608 c.
604 2557 646 2611 80.

352 2650 381 2679 **
398 2634 553 2701 Heerwasen
571 2646 625 2699 und
643 2646 745 2714 Kriegf.
765 2646 876 2704 Caesars
894 2664 921 2717 p.
938 2650 981 2713 82,
999 2648 1056 2701 tab·
1073 2648 1109 2712 11,
1128 2651 1169 2706 15.

335 2742 378 2772 ***
396 2740 537 2803 Froehner,
554 2740 584 2793 la
601 2741 650 2793 col.
669 2739 739 2807 Traj.
756 2739 814 2792 tab.
830 2743 872 2803 35,
892 2744 941 2798 101
959 2745 987 2795 et
1003 2742 1110 2809 passIm.

365 2832 456 2897 sofr.
476 2834 605 2887 stewech.
624 2832 696 2901 apud
715 2834 828 2887 Scriver.
847 2835 865 2888 l.
884 2835 902 2887 l.
921 2851 947 2903 p·
967 2836 1008 2890 74.

338 2932 378 2991 ††
398 2942 453 2995 cap.
472 2929 519 2982 21:
547 2927 590 2993 „iu
613 2929 740 2994 quantum
769 2926 827 2979 fieri
844 2926 972 2995 potuerit,
989 2928 1115 2991 tertIata3
1135 2956 1168 2967 -
1185 2958 1219 2967 -
1236 2929 1260 2981 si
1277 2928 1377 2982 latIora
1473 2923 1474 2950 ³

248 3019 355 3082 inerint
373 3020 490 3087 proxime
509 3017 697 3087 quadraturam
716 3035 828 3088 sequens
846 3023 887 3073 est
905 3020 1026 3074 dictatio.

321 3116 382 3176 †††
401 3112 435 3165 ad
452 3111 522 3181 Hyg.
540 3128 566 3180 p.
586 3114 644 3167 171.

351 3208 380 3269 ἐξ
399 3204 528 3258 Consulto
555 3205 650 3258 omitto
677 3208 802 3273 Augusta
820 3205 959 3259 Praetoria
978 3206 1144 3260 Salassorum
1167 3208 1286 3276 aliasque
1303 3208 1376 3261 colo-

248 3296 307 3350 nias
326 3313 340 3350 e
359 3297 454 3350 castris
481 3298 588 3351 stativis
616 3300 702 3361 natas,
727 3298 797 3366 qvod
824 3300 924 3351 certum
951 3302 1132 3367 argumentum
1160 3315 1213 3354 non
1239 3299 1376 3368 praebent.

188 3376 192 3385 ’
249 3388 303 3442 Cir.
321 3389 425 3453 Nissen,
443 3389 547 3457 Templ.
565 3383 651 3458 psol.

351 3486 380 3547 ξς
399 3482 516 3549 „Roman
544 3483 616 3536 colus
634 3498 679 3535 ara
697 3498 759 3551 very
774 3479 926 3553 frequently
948 3484 1031 3538 found
1050 3484 1146 3538 within
1163 3486 1211 3538 the
1228 3486 1305 3539 walls
1323 3484 1376 3540 and
1473 3501 1474 3514 ¹

247 3575 276 3627 iu
293 3575 339 3628 the
357 3573 480 3643 adjacent
497 3574 624 3643 grounds,
652 3576 754 3629 several
781 3575 811 3629 of
825 3564 912 3629 which
930 3576 943 3630 1
961 3576 1028 3629 have
1045 3577 1073 3628 iu
1091 3593 1135 3646 my
1152 3579 1304 3646 possession
1323 3577 1376 3630 and

247 3668 294 3751 the
311 3668 471 3736 ploughman
489 3698 522 3707 —
542 3668 600 3721 sold
626 3685 668 3722 me
694 3670 752 3733 tho,
770 3669 858 3723 thch
874 3669 940 3737 they
964 3669 1019 3723 had
1040 3670 1124 3723 found
1142 3700 1175 3709 -
1193 3686 1242 3724 oue
1260 3670 1290 3723 of
1305 3669 1375 3724 Con·
1473 3661 1474 3684 ³

248 3761 366 3813 stantius
384 3761 487 3814 audone
506 3760 536 3814 of
550 3761 726 3815 Dioclesian.u
763 3760 887 3825 Wilkins,
906 3763 1047 3816 Archaeol.
1060 3764 1112 3816 vol.
1131 3762 1185 3816 XII
1202 3780 1228 3831 p.
1247 3765 1310 3819 138.
1329 3778 1374 3815 an.
1473 3807 1475 3834 Ι

247 3852 375 3920 tiquores
392 3869 443 3906 non
462 3856 598 3911 memorat.
1473 3845 1475 3874 r

333 3949 377 4012 §ii
396 3961 421 4013 P·
439 3950 501 4005 302:
529 3950 606 4015 porte
634 3946 785 4010 decumana,
803 3949 871 4001 aiusi
898 3948 1017 4023 nummio
1043 3964 1122 4016 parce
1140 3964 1191 4017 que
1208 3948 1253 4001 dix
1270 3947 1373 4002 soldats

246 4038 393 4104 pouvaient
409 4055 427 4108 y
443 4055 535 4107 passer
553 4039 586 4093 de
603 4039 687 4092 front!

367 4131 381 4160 *
399 4134 429 4183 ut
448 4133 609 4197 „castrorum
627 4130 812 4185 classicorum“
831 4148 855 4184 v.
873 4132 1006 4201 Langium
1023 4132 1057 4187 ad
1074 4138 1143 4202 Hyg.
1161 4149 1187 4201 p.
1206 4135 1264 4189 172.
