2984 4667
1221 358 1250 395 Π

152 506 245 570 hibat
267 504 335 587 (iol.
358 506 424 589 27).
468 507 560 569 Anno
585 508 678 587 1546,
701 525 773 572 cum
796 509 896 573 codex
916 509 1106 575 barberinus
1128 512 1282 577 adfinem

152 626 412 706 perduceretur*
435 624 518 689 liber
527 623 714 690 florentinus
725 627 811 708 apud
824 626 983 691 Golotium
995 629 1117 694 Romae
1133 632 1285 695 servaba-

151 748 215 822 tur,
235 744 292 808 ubi
315 742 465 807 Metellus
487 762 545 825 per
568 745 711 823 eandem,
727 750 765 809 ut
778 746 914 826 uidetur,
932 766 1059 811 manum
1074 748 1197 829 reliqva
1212 749 1283 833 (iol.

153 864 268 928 3'-9'
297 868 330 927 et
359 863 522 943 181-32')
551 863 761 928 describenda
781 866 913 929 curavit.
959 866 1028 931 Hoc
1050 868 1147 931 etiam
1171 872 1284 948 aperte

154 982 336 1063 diserteqve
352 983 384 1045 in
401 982 605 1047 adnotatione
621 983 790 1063 marginali
806 984 923 1049 codicis
940 985 1229 1064 palatini-vaticani
1243 990 1283 1027 **

155 1100 234 1165 dicit
265 1102 305 1181 de
339 1099 471 1164 coloniis
503 1101 657 1165 Frontini.
703 1101 791 1179 Quae
825 1120 896 1166 cum
925 1101 971 1166 ita
999 1104 1072 1183 sint,
1109 1106 1285 1170 uerisimile

157 1219 235 1283 mibi
255 1219 390 1298 videtur,
413 1220 553 1283 codicem
575 1218 778 1285 florentinum
800 1240 820 1285 a
842 1220 966 1286 Colotio
989 1241 1071 1286 anno
1096 1225 1189 1320 1527,
1212 1243 1283 1289 oum

158 1340 268 1404 urbem
295 1340 430 1404 Romam
457 1339 743 1434 depopulabantur,
771 1342 924 1405 amissum
945 1342 1142 1408 Florentiam
1170 1363 1282 1425 perve-

156 1460 241 1523 nisse
264 1462 297 1523 et
318 1478 338 1523 a
359 1459 490 1524 Metello
512 1478 570 1540 per
591 1458 672 1524 hanc
693 1460 806 1524 urbem
828 1480 855 1523 a.
880 1461 965 1525 1544
985 1460 1205 1541 proficiscente
1229 1465 1287 1529 de·

155 1581 275 1641 tectum
299 1583 332 1642 et
349 1595 387 1642 ex
402 1583 493 1658 parte
511 1578 705 1658 descriptum
722 1545 1066 1660 aOolotioTepetitum
1083 1600 1164 1645 esse.
1198 1582 1278 1646 Post

155 1696 252 1777 hujus
280 1701 415 1761 mortem
442 1697 569 1761 demum
595 1696 629 1759 in
655 1696 880 1762 bibliothecam
903 1698 1135 1763 laurentianum
1160 1700 1283 1764 relatus

158 1821 216 1880 est.
263 1814 434 1881 Contendit
460 1815 557 1879 etiam
584 1814 735 1879 Metellus
763 1816 796 1879 in
824 1815 906 1879 libro
932 1816 989 1880 illo
1018 1817 1210 1897 lugdunensi
1232 1836 1284 1883 co-

157 1934 270 2015 dicem,
304 1936 357 2015 qui
385 1953 467 1999 anno
491 1934 587 2031 Q
601 1934 686 2015 apud
708 1932 868 1998 Colotium
890 1933 1011 1999 Romae
1033 1939 1113 2015 erat,
1146 1935 1282 2000 eundem

158 2072 230 2120 esse
253 2060 347 2135 atqve
370 2073 452 2132 eum,
474 2028 567 2135 quern
588 2054 772 2118 Florentiae
794 2054 978 2147 deSSQit3
1013 2055 1090 2119 dicit
1113 2055 1198 2118 enim
1219 2054 1288 2119 ira·

158 2180 321 2255 gmentum
348 2175 428 2239 illud
454 2174 600 2238 Frontini
628 2175 684 2251 ,de
711 2173 865 2237 limitibus
888 2174 1053 2254 agrorum“
1076 2193 1115 2239 ex
1136 2174 1282 2239 Medicea

160 2294 360 2359 scribendum
396 2312 430 2358 se
464 2294 625 2357 curavisse
658 2310 696 2357 ac
729 2310 800 2357 cum
828 2293 939 2357 addat:
974 2291 1133 2374 „Golotius
1161 2293 1285 2357 Romae

157 2412 307 2492 habebat,
335 2413 420 2493 apud
446 2430 539 2493 quern
561 2412 653 2491 vidi“,
682 2411 827 2476 omnibus
849 2415 948 2492 patet,
975 2430 1071 2477 unum
1095 2417 1127 2477 et
1149 2412 1284 2477 eundem

159 2533 301 2598 codicem
324 2550 405 2597 esse.

261 2652 371 2733 Neque
394 2657 500 2717 tamen
522 2651 811 2732 haec,qvamqvam
834 2650 873 2715 de
895 2649 1004 2714 codice
1020 2649 1190 2721 barberino
1208 2650 1287 2714 satis

159 2772 335 2851 singularia
357 2776 389 2836 et
409 2771 572 2851 notabilia,
595 2773 700 2835 omnia
719 2775 793 2835 sunt
810 2770 906 2849 digna
923 2773 1109 2834 memoratu.
1153 2769 1288 2833 Floren-

159 2890 227 2954 tino
251 2892 358 2956 codice
381 2891 551 2972 descripto,
574 2890 685 2954 incidit
705 2890 737 2952 in
761 2906 873 2972 manus
894 2888 1017 2952 Metelli
1040 2888 1141 2951 codex
1162 2886 1285 2951 Galesii

159 3006 299 3089 Massae,
332 3008 540 3073 illustrissimi
569 3008 652 3089 iuris
685 3007 822 3071 consulti
854 3011 887 3070 et
912 3006 1065 3085 historici,
1078 3008 1135 3045 ***
1164 3024 1202 3070 ex
1224 3024 1305 3085 qvo-

160 3128 340 3208 exemplum
363 3145 456 3192 suum
478 3127 605 3191 rubrica
626 3127 774 3191 correxit.
828 3124 938 3205 Neque
960 3125 1091 3188 dubium
1115 3129 1173 3204 est,
1210 3125 1285 3204 quin

161 3246 262 3310 codex
295 3245 416 3311 Galesii
449 3247 490 3311 ad
522 3246 650 3311 tertiam
678 3245 813 3308 classem
836 3243 1003 3323 pertineat.
1047 3242 1138 3319 Qvod
1168 3242 1208 3306 ad
1232 3244 1287 3307 de-

160 3364 402 3428 monstrandum
434 3365 495 3429 bae
527 3365 609 3429 duae
642 3381 694 3429 res
728 3366 909 3443 suppetunt.
960 3362 1102 3425 Primum
1135 3361 1168 3424 in
1204 3360 1288 3424 libro

160 3480 256 3545 Balbi
282 3482 322 3547 de
348 3482 482 3547 coloniis
509 3482 615 3563 (Nipsi
644 3482 684 3547 de
705 3481 874 3561 limitibus)
899 3481 999 3546 codex
1020 3479 1207 3543 barberinus
1230 3478 1286 3542 ha-

160 3600 217 3665 bet
243 3600 373 3667 rubram
400 3602 628 3667 correctionem
657 3618 694 3667 eo
723 3601 804 3678 loco,
838 3600 891 3680 qvi
917 3599 980 3663 nisi
1008 3599 1041 3663 iu
1063 3598 1289 3680 manuscriptis

290 3821 404 3886 ‘Quam
422 3822 456 3877 ob
474 3838 529 3875 rem
546 3822 643 3875 titulus
660 3821 753 3875 finium
773 3820 958 3889 regundorum,
980 3833 1064 3886 aqvo
1083 3817 1226 3887 descriptio
1235 3819 1289 3873 Ro·

160 3929 220 3968 mae
243 3915 455 3979 continuabatur,
478 3915 585 3969 rubrica
606 3914 720 3983 scriptus
744 3917 792 3977 est,
816 3914 899 3968 -id
922 3914 992 3983 quod
1012 3913 1041 3967 in
1063 3914 1174 3983 reliquis
1198 3914 1287 3967 titulis

160 4007 260 4063 codicis
278 4007 413 4062 barberini
430 4024 484 4062 non
502 4008 644 4062 invenitur.

278 4104 302 4132 ⁸·
320 4102 421 4164 Blnme,
441 4101 536 4155 Rhein.
554 4101 590 4156 M.
608 4101 629 4156 f.
646 4100 705 4155 Jur.
723 4101 784 4164 VII,
806 4102 864 4157 185.

264 4198 301 4226 “⁶
319 4194 351 4249 de
369 4210 399 4249 eo
417 4194 478 4249 vide
496 4194 697 4249 Tirabosohium
715 4210 756 4263 ep.
775 4194 793 4247 l.
813 4194 831 4248 l.
848 4192 910 4247 VII.
928 4197 953 4255 3,
970 4197 1023 4252 890
1041 4210 1063 4247 s.
