2984 4667
251 303 268 339 X

214 459 305 524 libris
326 459 441 523 tertiae
464 458 576 523 classis
598 474 662 521 non
683 458 852 522 invenitur.
896 458 957 522 Est
980 459 1064 522 enim
1087 460 1132 540 (p.
1156 458 1207 538 95,
1230 459 1287 540 21)
1309 460 1341 525 in

212 578 321 644 codice
331 578 459 643 Massae
471 578 728 659 „qunquaginta
741 594 799 657 pro
813 578 1022 657 „sexaginta“‚
1031 578 1114 658 qvod
1124 578 1158 643 in
1170 578 1341 644 barberino

212 700 255 775 ct⁷
279 701 314 759 ut
335 696 471 773 videtur,
494 682 847 760 florentino'codioious
869 695 1022 775 scriptum
1041 701 1099 760 est.
1143 697 1268 762 Deinde
1279 716 1341 763 vox

188 784 420 895 'augusteos
451 814 537 878 inter
569 813 714 894 „nomina
745 812 888 893 lapidum
921 812 1082 878 finalium“
1115 815 1149 879 in
1183 817 1340 896 „augelis“

213 933 345 998 rubrica
377 937 520 997 correcta
542 936 605 1009 est3
639 932 672 995 in
698 931 758 995 hac
779 937 887 996 autem
908 936 977 996 tota
1000 934 1238 998 enumeratione
1260 933 1339 1015 lapi·

214 1051 289 1114 dum
311 1050 418 1114 nullae
441 1050 643 1113 inveniuntur
666 1050 882 1114 correctiones
905 1069 923 1115 e
946 1050 1055 1115 codice
1076 1050 1339 1147 Zanchiilactae,

212 1172 249 1231 ut
273 1172 322 1232 cst
345 1172 601 1247 consentaneum,
625 1167 698 1248 qvia
720 1167 800 1231 nihil
822 1169 949 1232 omnino
972 1185 1073 1248 neqve
1095 1169 1128 1232 in
1149 1168 1210 1233 hoc
1232 1170 1340 1236 codice

212 1264 328 1366 neqve
346 1288 379 1351 in
412 1290 576 1351 arceriano
609 1287 810 1363 lineamentis
843 1287 895 1351 vel
927 1286 1038 1368 figuris
1061 1288 1257 1369 adscriptum
1279 1294 1339 1355 est.

211 1405 386 1470 Praeterea
419 1406 479 1469 hac
507 1424 559 1470 ras
586 1405 700 1486 dignae
729 1410 805 1470 sunt
832 1424 913 1486 quac
942 1410 1166 1471 memorentur.
1213 1394 1339 1474 Codicis

210 1522 335 1589 Galesii
356 1525 460 1604 prima
479 1542 554 1605 pars
576 1524 675 1589 habet
696 1524 840 1588 titulum:
863 1524 907 1588 M.
930 1524 1007 1589 Jum
1028 1525 1131 1605 Nypsi
1155 1525 1195 1590 de
1213 1544 1339 1591 mensu·

211 1641 272 1719 ris;
306 1644 389 1723 qvod
422 1662 441 1707 a
472 1642 640 1707 florentino
669 1643 778 1722 distat,
813 1642 908 1707 facile
935 1647 1043 1724 potest
1069 1644 1232 1724 explicari,
1267 1647 1339 1727 qvia

210 1760 311 1825 verba
331 1762 388 1843 „dc
410 1761 580 1825 limitibus“
602 1760 653 1825 hic
675 1762 853 1825 recentiore
875 1780 971 1827 manu
989 1760 1040 1846 (ut
1050 1763 1177 1827 videtur
1187 1764 1338 1829 Metello:

210 1879 325 1959 Angeli
346 1878 512 1955 Politiani)
531 1878 640 1943 addita
662 1884 744 1943 sunt.
790 1878 827 1942 In
849 1880 1011 1946 codicibus
1033 1881 1155 1961 primae
1172 1900 1209 1947 ac
1227 1900 1338 1947 secun-

209 1998 271 2063 dac
294 1997 443 2065 classium
466 1996 545 2061 haec
565 2015 641 2077 pars
663 1997 764 2061 Balbo
787 1998 839 2063 rel
854 1999 1008 2064 Frontino
1025 1999 1231 2065 attribuitur.
1267 2002 1336 2066 Pri·
1448 2029 1451 2033 ·

210 2134 280 2180 mae
308 2116 419 2180 classis
448 2116 588 2181 codicem
617 2117 707 2180 illum
735 2115 859 2181 Galerii
884 2136 947 2182 non
970 2138 1041 2184 esse
1064 2122 1161 2185 etlam
1183 2122 1243 2186 hoc
1266 2121 1334 2187 cifi-

210 2235 302 2315 citur‚
330 2235 413 2315 qvod
442 2240 591 2315 excerpta
618 2254 657 2299 ex
679 2254 815 2321 corpore
836 2236 1057 2303 Theodosiauo
1081 2240 1188 2322 (titulo
1211 2242 1336 2322 paullu-

209 2353 275 2417 lum
309 2353 444 2437 mutato)
480 2360 513 2418 et
540 2353 754 2435 fragmentum
782 2355 977 2419 coloniarum
1004 2357 1051 2440 (p.
1079 2359 1152 2437 239,
1176 2361 1334 2440 20-240,

211 2473 231 2535 6
252 2471 294 2553 L)
317 2474 350 2535 in
374 2491 412 2536 eo
435 2473 552 2552 insunt,
580 2474 696 2536 desunt
722 2478 829 2537 autem
853 2492 933 2553 qvae
961 2480 1088 2556 sumpta
1115 2482 1189 2541 sunt
1211 2483 1334 2543 tantum

209 2610 226 2655 e
254 2590 384 2655 Zanchii
412 2591 531 2680 libra*
576 2591 719 2671 Denique
747 2592 925 2672 scripturae
954 2594 1074 2658 codicIs
1101 2594 1231 2661 Massae
1248 2598 1334 2661 itaa

206 2709 372 2789 scripturis
394 2709 509 2773 tertiae
532 2709 644 2773 classis
666 2727 729 2772 uon
752 2710 942 2792 discrepant,
964 2717 1002 2776 ut
1022 2718 1116 2793 putes
1138 2732 1211 2779 eum
1228 2733 1333 2782 exem·

206 2828 277 2909 plar
306 2846 376 2892 esse
405 2828 522 2891 codicis
544 2826 714 2893 florentini.
760 2829 851 2906 Qvod
872 2835 980 2895 tamen
1003 2832 1072 2896 sine
1095 2833 1191 2898 dubio
1214 2833 1331 2918 fulsum

196 2951 265 3011 est.
311 2946 393 3009 Nam
421 2950 576 3025 qvatenus
606 2965 646 3010 ex
674 2947 730 3026 eis,
755 2964 836 3027 qnae
862 2948 1053 3015 brevissima
1081 2952 1121 3016 de
1143 2957 1331 3033 argumento

206 3064 323 3129 codicis
336 3064 473 3131 vaticani
485 3064 569 3129 3895
585 3066 684 3130 tradit
700 3066 815 3131 Blumc
826 3069 863 3107 **
887 3069 1076 3134 concludere
1092 3070 1178 3150 licet,
1200 3070 1251 3135 hic
1262 3072 1331 3152 ipse

206 3183 306 3247 codex
327 3182 510 3263 galesIanus
538 3188 596 3263 est,
624 3184 657 3247 in
685 3202 745 3265 qno
774 3204 844 3250 cum
867 3186 946 3255 hacc
968 3188 1067 3253 verba
1089 3190 1167 3254 sint:
1202 3191 1256 3272 „In
1279 3209 1330 3257 co·

205 3302 570 3375 accendendorum
589 3303 734 3369 uranon
752 3304 851 3370 arcun
867 3306 1100 3387 Explicitliuer
1111 3280 1259 3391 primast
1273 3313 1329 3353 ***

206 3556 208 3560 Ι
330 3490 342 3517 *
361 3484 432 3551 Qvac
451 3486 579 3541 Graevius
599 3488 686 3555 (Thes.
705 3491 761 3543 ant.
778 3489 839 3543 ital.
856 3491 931 3553 VIII,
948 3495 973 3554 3,
992 3494 1026 3548 24
1044 3492 1081 3557 D)
1099 3508 1113 3547 e
1131 3493 1200 3548 libro
1209 3494 1327 3550 Marsae:

204 3580 236 3633 de
254 3579 356 3647 origine
374 3582 402 3633 et
418 3580 497 3633 rebus
514 3581 678 3637 Faliscorum
697 3584 781 3648 affert,
802 3585 943 3638 manifeste
960 3584 995 3638 ad
1013 3586 1129 3640 codicem
1146 3588 1243 3642 tertiae
1261 3591 1328 3642 clas·

203 3674 239 3726 sis
256 3673 400 3741 pertinent.
435 3672 526 3742 Neque
543 3678 632 3729 tamen
650 3676 695 3731 hic
713 3676 795 3731 codex
812 3676 865 3730 fnit
883 3678 1048 3743 eriirrtensis,
1067 3680 1113 3733 ubi
1131 3680 1224 3736 rerba:
1245 3699 1327 3751 „qvae

202 3766 356 3836 appellatur
373 3766 495 3823 sarasar<
506 3767 610 3821 desunt.

316 3864 341 3890 *⁸
357 3860 452 3914 Rhein.
471 3860 540 3914 Mus.
558 3861 577 3914 f.
594 3862 613 3915 J
616 3864 710 3932 urispr.
729 3864 781 3919 VH
798 3882 826 3933 p.
843 3868 902 3922 224·

306 3958 348 3985 ‘⁴¹‘
371 3953 443 4018 Quae
464 3955 545 4008 verba
566 3956 594 4008 in
616 3958 734 4025 exemplo
756 3957 842 4011 lIauii
863 3959 1048 4027 significantur
1067 3964 1203 4030 tamquam
1223 3979 1277 4018 non
1298 3964 1326 4017 in

201 4046 337 4115 galesiano
356 4046 456 4111 desint;
475 4047 521 4101 sed
540 4051 587 4102 aut
605 4049 690 4103 Mauii
708 4066 780 4105 error
797 4068 854 4106 esse
872 4052 978 4107 videtur
995 4057 1043 4109 ant
1056 4055 1169 4109 Metelli.
1203 4057 1327 4110 (laterum

200 4138 230 4192 in
251 4140 340 4194 codice
363 4140 499 4209 galesiano
513 4140 698 4209 -fregmentum
719 4143 845 4200 FrontIni
866 4145 900 4199 de
922 4146 979 4201 lim.
1004 4153 1039 4212 (v.
1057 4153 1150 4217 supra)
1167 4149 1327 4218 inscriptum
