2984 4667
1136 264 1189 301 XXV

143 425 215 501 pter
227 421 403 485 doctrinam
417 422 688 502 eruditionemqve
702 422 937 485 illustrissimus
953 426 987 485 et
1004 421 1273 486 celebratissimus

143 542 261 606 dicitur
276 542 474 623 ,innumeras
487 542 673 607 lustravisse
687 543 897 607 bibliothecas
915 561 1067 623 suamqve
1079 544 1124 607 ita
1136 544 1273 622 auxisse,

142 666 181 725 ut
201 662 285 726 inter
308 664 450 743 privatos
475 668 541 727 toto
565 664 641 727 orbe
658 663 910 745 praecederet“*
944 663 1085 727 11585
1108 663 1137 726 d.
1161 664 1180 727 8
1204 664 1273 727 Oct.

143 787 289 847 mortuus
313 788 372 863 cst,
389 788 555 865 postquam
575 784 739 847 vaticanae
755 782 966 848 bibliothecae
983 784 1083 848 libros
1101 802 1175 848 suos
1187 785 1274 863 lega·

142 904 198 980 vit,
222 904 273 984 qvi
297 902 491 991 ,defensioni
514 908 569 967 aut
591 908 777 967 ornamento
800 902 868 966 sedi
891 921 962 967 esse
979 907 1119 984 possent.
1133 905 1170 943 *³⁸
1199 903 1274 968 Siue

142 1024 239 1087 dubio
268 1024 295 1087 is
324 1024 408 1088 inter
430 1023 602 1087 Zanchihm
627 1028 658 1087 ct
680 1023 905 1087 bibliothecam
927 1023 1104 1088 vaticanam
1129 1024 1271 1088 codicem

140 1144 339 1226 possidebat,
379 1145 430 1226 qvi
466 1146 525 1209 huc
559 1162 598 1207 ex
630 1143 717 1209 illius
751 1142 944 1208 bibliotheca
976 1144 1131 1225 pervenit.
1187 1143 1274 1208 Fieri

140 1266 241 1329 etiam
263 1269 380 1345 potest,
404 1270 440 1328 ut
461 1264 574 1329 Blume
597 1268 683 1328 recte
706 1264 879 1345 conjecerit
901 1264 1041 1328 codicem
1064 1264 1135 1327 vivo
1152 1262 1274 1344 Grego-

140 1386 192 1449 rio
220 1382 312 1449 XVII
340 1386 416 1449 illuc
442 1386 637 1466 pervenisse,
665 1402 853 1465 qvumqvam
882 1384 932 1447 hic
957 1402 1041 1464 papa
1065 1356 1132 1464 jam
1162 1384 1271 1465 paullo

141 1509 218 1569 ante
248 1504 398 1569 Sirletum
424 1508 466 1587 (a.
493 1506 576 1569 1585
599 1506 629 1568 d.
655 1504 694 1568 10
717 1502 811 1585 Apr.)
834 1503 981 1567 decessit.
1026 1502 1053 1565 E
1077 1503 1185 1567 codice
1209 1503 1274 1567 Sir·

141 1626 209 1705 leti,
243 1624 382 1689 fortasse
417 1626 485 1706 ejus
519 1626 651 1690 consilio
688 1624 785 1689 editio
819 1642 951 1688 romana
983 1624 1129 1687 Frontiui
1159 1624 1273 1709 (1560)

145 1744 231 1809 edita
264 1752 321 1808 est.
346 1782 386 1790 -
409 1746 575 1810 Postremo
610 1745 745 1809 indicem
774 1744 927 1823 codicum,
958 1745 997 1808 de
1026 1743 1138 1824 qvibus
1167 1743 1276 1824 dispu-

142 1866 218 1945 tavi,
241 1863 326 1929 iuira
347 1883 445 1946 pono:

263 2108 279 2139 *
298 2105 344 2158 cfr.
363 2105 525 2169 Tiraboschi,
544 2104 604 2173 Vll,
623 2109 646 2169 1,
665 2108 809 2162 389-391.

251 2202 279 2231 **
299 2200 331 2254 dc
349 2216 379 2253 co
399 2218 422 2253 v.
441 2200 521 2253 etiam
541 2202 680 2261 hluretum,
699 2197 744 2251 lib.
764 2201 804 2262 18,
823 2196 942 2257 Hosium,
962 2214 1004 2265 ep.
1023 2200 1081 2253 168.
