2984 4667
342 250 375 301 54

304 416 428 481 Deinde
460 417 621 496 ponuntur
654 430 751 495 supra
772 432 812 479 ea
833 413 989 478 vexillarii
1022 415 1073 478 vel
1097 414 1247 481 cohortes
1273 405 1430 496 secundae'

301 536 365 615 vel,
389 537 417 601 ai
450 553 580 601 necesse
612 539 663 599 est
684 538 739 612 (--
763 534 807 615 ,si
835 550 888 597 res
921 534 1060 614 exiget;“
1085 554 1124 592 τ.
1148 534 1193 615 ,si
1214 535 1247 599 in
1267 544 1432 632 Q,

190 647 249 777 epid
304 654 421 718 nimius
442 653 577 718 militum
600 669 751 717 numerus
766 652 899 715 tendere
916 649 1043 733 dahet“)
1055 650 1168 715 cohors
1185 652 1327 732 peditata
1343 635 1433 756 qvia..

303 739 437 855 geniis
459 771 530 853 (cir.
547 788 577 850 p.
590 768 643 842 90,
667 768 711 851 1).
746 766 808 849 ,Et
830 769 858 831 si
880 768 1022 833 strictior
1044 768 1143 834 fuerit
1164 771 1335 851 pedatura“
1356 765 1434 864 (ιιιΙ

302 911 335 974 p.
359 892 409 971 89,
433 890 467 974 6)
490 890 511 954 i.
535 908 563 955 e.
585 888 613 953 si
636 906 698 951 non
731 891 855 952 tantum
888 887 951 952 loci
978 891 1087 968 potest
1108 888 1188 967 dari,
1211 890 1285 969 qvia
1306 879 1435 1040 supple'

305 1015 414 1075 monta
435 1008 536 1073 artius
558 1008 690 1073 tendere
722 1007 841 1071 dehent
863 1008 976 1089 (supra
998 1007 1083 1072 enim
1105 1007 1145 1071 de
1167 1008 1379 1088 prolixioret
1365 1019 1436 1104 ι-ιιΙ

304 1146 382 1194 sura
413 1132 447 1191 et
479 1126 633 1206 ampliore
666 1125 736 1191 loco
770 1125 869 1190 verba
901 1124 1000 1206 fecit),
1024 1127 1065 1190 de
1099 1126 1257 1207 pedatura
1284 1120 1438 1214 cohortos}

304 1246 501 1328 legionariae
525 1244 695 1325 120pedes
707 1263 765 1325 per
786 1244 919 1325 triginta
941 1245 1058 1325 pedum
1070 1244 1089 1282 ἰ
1111 1245 1312 1309 latitudinem
1330 1233 1437 1314 detra-¹

197 1380 221 1453 7
303 1365 401 1431 hendi
436 1372 518 1443 sunt,
551 1367 588 1427 ut
621 1362 735 1427 cohors
769 1379 929 1470 πιιιιιιιιι
950 1363 1062 1471 suo“
1053 1383 1074 1427 ι.
1097 1381 1124 1427 ι.
1148 1364 1188 1427 ad
1210 1363 1276 1427 480
1299 1365 1422 1458 ιι1500

198 1454 211 1503 ί
275 1480 424 1562 imilites
448 1485 525 1565 (non
546 1480 678 1561 600),u
679 1485 786 1545 terat
807 1499 957 1545 numerus
979 1459 1050 1562 ejus
1054 1456 1219 1562 rnilitum,
1242 1490 1423 1566 computata

276 1587 280 1648 ¹
301 1602 439 1688 pedibus
461 1602 525 1667 600
546 1599 666 1665 tendat.
677 1598 715 1639 '²¹‘
761 1599 934 1664 Tensura
925 1600 985 1681 rgit
986 1618 1023 1663 ur
1045 1600 1139 1664 unius
1161 1606 1340 1666 castrorum
1362 1623 1423 1685 par·

304 1722 347 1786 tis
369 1721 448 1786 haec
481 1725 560 1798 erat,
584 1719 628 1800 ,si
651 1719 793 1783 strictior
819 1723 890 1784 erat
914 1719 1086 1799 pedatura“
1109 1720 1263 1803 (quadrat
1285 1722 1378 1787 etiam
1399 1725 1424 1788 in

302 1858 345 1905 ea
366 1845 471 1905 castra
492 1839 589 1903 trium
617 1837 789 1918 legionum,
811 1855 943 1918 quornm
969 1856 1120 1903 numeros
1146 1845 1260 1920 postea
1288 1844 1442 1921 apposnit.

302 1962 417 2023 auctor
440 1956 556 2021 libelli:
1439 2005 1442 2042 ,

733 2082 773 2121 300
785 2092 806 2141 p
922 2083 949 2123 30
961 2092 982 2141 p.
1009 2083 1047 2123 lto
1060 2092 1081 2141 p.
1134 2082 1187 2141 802.

566 2150 584 2195 ,Ι
1044 2164 1050 2171 “

551 2192 584 2390 l

552 2306 572 2357 ᾖ
1091 2305 1097 2317 .

553 2360 572 2381 κ
1119 2345 1149 2404 ι

737 2454 739 2459 .
941 2421 962 2489 ἱ
1128 2421 1176 2524 {3

408 2666 495 2742 Quae
518 2683 589 2730 cum
611 2665 658 2729 ita
680 2665 753 2745 sint,
776 2636 843 2730 veri
868 2666 972 2730 simile
989 2670 1039 2731 est
1050 2684 1117 2747 cap.
1130 2667 1308 2749 3tqvoqve
1328 2672 1448 2757 aucto·¹

246 2806 249 2810 ·
301 2803 372 2850 rern
405 2784 508 2848 libelli
540 2781 784 2862 valetudinaria,
807 2783 1009 2863 veterinaria,
1037 2782 1177 2849 fabricas
1199 2784 1249 2867 ,in
1270 2803 1373 2849 unum
1395 2786 1449 2878 ad¹

303 2900 360 2967 DC
393 2900 554 2966 homines“
576 2904 787 2983 computasse,
810 2918 996 2982 quamquam
1031 2903 1071 2967 de
1103 2904 1260 2984 pedatura
1293 2905 1431 2969 cohortis

302 3019 498 3103 legionariae
520 3020 571 3085 vel
593 3019 832 3085 vexillariorum
853 3020 1025 3087 minuenda
1046 3022 1155 3087 tacuit.
1168 3022 1224 3063 *⁴⁵*

406 3139 497 3216 Qvod
519 3138 560 3202 ad
582 3138 685 3202 latera
705 3139 860 3219 praetorii
893 3140 1016 3218 attinet,
1044 3158 1112 3221 cap.
1136 3141 1156 3205 9
1177 3143 1218 3205 in.
1243 3149 1276 3207 et
1298 3160 1371 3223 cap.
1396 3143 1433 3205 12

304 3292 510 3305 ...--—-

423 3400 440 3434 *
460 3396 525 3451 Cum
552 3400 645 3451 auctor
666 3401 711 3451 too
728 3398 788 3452 loco
806 3402 906 3453 certum
924 3416 1061 3455 numerum
1079 3400 1207 3470 posuerit,
1225 3402 1434 3456 consentaneum

300 3497 346 3549 eat
364 3510 424 3549 eum
443 3494 491 3548 illo
510 3496 616 3547 tantum
633 3490 712 3546 modo
730 3493 816 3561 accipi
834 3498 861 3547 et
879 3494 1015 3565 explanari
1032 3510 1110 3563 posse
1128 3493 1175 3547 cfr.
1193 3511 1215 3548 c.
1232 3497 1249 3549 2
1266 3510 1292 3563 ι).
1313 3494 1400 3562 67,.5,
1412 3496 1434 3547 6.

405 3589 439 3623 **
459 3586 488 3639 si
504 3586 593 3641 locum
614 3586 653 3638 ita
671 3585 824 3653 accipimus,
836 3586 928 3639 verba:
948 3586 1074 3654 ,fabrica
1087 3602 1154 3656 qvae
1167 3586 1226 3641 ideo
1240 3587 1367 3657 longius“
1378 3589 1434 3649 cet,

303 3698 371 3751 qvae
389 3682 482 3749 Lange
498 3679 599 3733 frustra
617 3665 754 3747 explicare
767 3677 880 3747 studuit,
897 3679 976 3733 facile
992 3680 1181 3749 intellegimus.
1202 3680 1252 3733 Est
1268 3681 1342 3734 enim
1355 3696 1436 3749 supra

203 3786 207 3795 ’
300 3775 439 3830 cohortem
453 3774 529 3826 illarn
541 3771 718 3841 legionariam
730 3771 774 3825 vel
788 3772 940 3826 vexillarios
952 3773 1051 3841 posita,
1061 3758 1112 3827 etsi
1125 3772 1371 3843 potnitconjuncta
1380 3788 1435 3826 esse

301 3883 362 3923 oum
379 3865 584 3920 valetudinario.
613 3865 795 3934 Explicationi
812 3881 887 3919 meae
899 3866 944 3920 vix
956 3866 1067 3921 obstant
1078 3867 1172 3920 verba:
1191 3870 1235 3933 „et
1247 3866 1372 3935 reliqva“
1387 3869 1436 3920 cet.

266 3946 281 4073 f
388 3977 439 4015 ***
457 3975 594 4030 Postremo
612 3990 705 4029 moneo
724 3991 782 4043 cap.
799 3978 834 4032 85
852 3974 1018 4031 scribendum
1030 3993 1097 4031 ease:
1112 3976 1381 4042 valetudinariorum,
1393 3993 1437 4032 ,ιι-

260 4081 269 4169 Ιι
304 4070 493 4126 terinariorum
511 4072 539 4123 et
554 4068 715 4123 fabricarum
732 4070 771 4137 (p.
788 4072 831 4135 06,
850 4072 868 4125 9
884 4073 912 4122 ιι
930 4072 981 4136 10).
