2984 4667
1165 269 1232 308 mu

132 428 310 495 adhibitum
343 436 376 495 et
402 430 572 496 editionem
600 448 773 508 romanam,
801 448 872 493 cum
900 430 931 493 in
959 429 1068 495 codice
1090 430 1255 494 arceriano

131 549 304 613 Frontinus
326 554 437 614 auctor
459 550 653 615 coloniarum
676 568 738 614 non
762 548 950 629 appelletur,
969 567 986 613 e
1005 548 1113 613 codice
1129 548 1258 613 Zanchii

132 648 204 732 esse
227 669 429 751 descriptam.
462 670 500 735 Α.
527 670 606 734 1588
629 668 776 733 Lutetiae
797 668 871 732 Par.
894 686 976 731 nova
999 668 1097 733 editio
1120 668 1258 734 colonia·

131 806 202 851 rum
226 788 258 851 in
281 789 441 869 publicum
463 791 591 871 prodiit,
615 808 694 871 qvae
718 806 881 852 romanam
903 788 1081 869 repetivit*
1101 793 1134 853 et
1150 808 1262 853 secun·

131 908 208 972 dum
241 910 359 973 nullius
395 910 488 991 pretii
522 910 638 974 librum
674 912 739 991 (pp.
773 908 944 973 ata-262
970 908 1021 990 L.)
1050 891 1090 973 ex
1119 909 1258 974 editione

131 1028 272 1093 Turnebi
296 1030 427 1094 addidit.
474 1031 565 1095 Anno
598 1035 704 1095 autem
735 1030 817 1093 1607
843 1028 978 1107 Scriver,
1012 1047 1083 1093 cum
1116 1029 1261 1094 Frontini

129 1148 230 1213 libros
253 1150 372 1229 ederet,
396 1150 589 1231 parisianam
613 1149 785 1213 editionem
808 1149 937 1213 iteravit
958 1148 1138 1229 fragmenta
1161 1168 1256 1230 qvae-

128 1268 205 1333 dam
233 1269 426 1333 coloniarum
456 1274 489 1334 et
516 1288 612 1348 unum
642 1270 680 1334 de
708 1268 872 1348 limitibus
895 1268 953 1332 illa
974 1287 992 1331 e
1014 1274 1123 1333 vetere
1146 1270 1255 1335 codice

129 1388 373 1453 membranaceo
396 1388 517 1469 Nansii,
534 1389 603 1466 hoc,
621 1394 657 1453 ut
673 1389 809 1468 videtur,
827 1407 866 1452 ex
883 1388 995 1453 eodem
1014 1390 1121 1453 codice
1134 1392 1171 1430 **
1192 1391 1260 1454 adi-

130 1510 229 1573 ciens.
264 1509 375 1589 Itaqve
392 1510 545 1590 siqvidem
564 1509 690 1574 Scriver
701 1528 736 1574 se
753 1508 966 1589 fragmentum
980 1510 1029 1590 ,in
1042 1510 1164 1574 duobus
1177 1512 1260 1574 anti-

130 1628 303 1709 qvissimiS,
325 1629 382 1693 sed
404 1629 646 1693 mendosissime
669 1629 796 1709 scriptis
815 1629 993 1694 codicibus“
1009 1629 1169 1693 invenisse
1187 1649 1260 1694 oon-

131 1749 235 1814 tendit
257 1753 289 1813 et
310 1749 493 1814 amerianae
511 1748 686 1829 scripturae
704 1749 744 1812 ad
761 1748 938 1829 marginem
954 1749 1167 1830 inveniuntur,
1183 1750 1261 1815 mihi

131 1870 258 1951 qvidem
271 1869 406 1933 maxime
423 1886 500 1933 sane
517 1869 642 1933 videtur
659 1868 835 1950 probabile,
854 1868 1035 1933 Scriverum
1052 1887 1107 1934 eas
1125 1870 1260 1952 scriptu-

132 2008 184 2054 ras
211 1989 316 2053 varias
345 2008 384 2054 ex
410 1989 575 2055 arceriano
603 1989 711 2053 codice
741 1990 811 2069 ipso
838 1988 994 2068 hausisse,
1024 1990 1107 2069 qvod
1136 1990 1259 2056 adhoc

131 2115 256 2191 tempus
277 2108 329 2173 hic
350 2106 432 2173 rinus
456 2115 488 2174 et
510 2110 597 2174 solus
620 2109 719 2173 codex
742 2109 1013 2190 ,antiquissimus‘
1036 2111 1157 2189 primae
1173 2110 1257 2175 clas-

136 2230 181 2294 sis
204 2233 250 2294 est
282 2233 315 2293 et
347 2229 444 2293 verba
472 2230 541 2311 ejus
570 2248 607 2294 eo
638 2234 792 2310 spectant,
821 2233 856 2291 ut
883 2228 991 2293 codice
1013 2228 1083 2308 ipso
1106 2247 1183 2293 usus
1206 2212 1266 2295 sit.

128 2350 239 2431 Neqre
266 2350 402 2430 mireris
432 2351 514 2430 qvod
537 2349 732 2413 coloniarum
755 2348 863 2412 nullae
887 2348 1064 2428 scripturae
1086 2348 1264 2412 varietates¹

128 2470 314 2533 arcerianae
336 2467 553 2553 reperiuntur:
577 2471 627 2532 est
649 2468 732 2531 enim
752 2467 819 2548 Jam
842 2466 873 2529 in
897 2466 1037 2530 editione
1059 2484 1191 2530 romana
1207 2468 1258 2530 vel

129 2588 300 2669 parisiana,
339 2606 431 2669 qvam
465 2586 592 2651 Scriver
625 2587 755 2668 recepit,
790 2586 890 2651 codex
923 2586 1052 2650 Zanchii
1086 2586 1256 2650 adhibitus.

131 2708 234 2785 Qvam
267 2706 396 2771 obrem
429 2725 467 2770 ea
500 2707 588 2770 nulla
621 2706 703 2771 ratio
739 2711 798 2786 est,
832 2724 888 2770 our
915 2706 1064 2771 Arcerios
1093 2706 1257 2787 exemplar
1327 2724 1332 2734 ·

126 2826 300 2907 fragmenti
329 2827 368 2890 de
397 2826 551 2890 limitibus
580 2825 726 2891 Scrivero
750 2826 876 2891 misisse
898 2844 1062 2907 ponamus.
1107 2826 1166 2890 His
1190 2844 1256 2889 om·

126 2948 222 3011 nibus
266 2946 363 3011 rebus
406 2948 556 3026 adducor,
605 2952 642 3010 ut
673 2946 785 3027 Langii
826 2947 966 3028 opinioni
980 2948 1036 2986 ***
1079 2946 1251 3026 adsentiar,

130 3067 310 3132 Scriverum
344 3086 372 3131 a.
405 3068 494 3146 1621,
529 3066 679 3146 codicem,
709 3085 780 3131 curn
811 3067 956 3130 Pontano
984 3066 1127 3130 mitteret
1158 3066 1256 3128 corri-

127 3188 277 3268 gendum,
301 3187 456 3252 divisisse.
501 3187 667 3252 Postremo
702 3192 813 3252 contra
851 3186 1043 3268 Blumium†
1070 3186 1256 3249 adnotatum

125 3307 212 3388 volo,
239 3308 468 3373 Keuohen'ium
496 3308 612 3389 ,altero
636 3307 816 3371 arceriano“
840 3326 879 3370 ea
901 3307 941 3370 de
963 3324 1078 3370 caussa
1099 3323 1162 3368 non
1185 3324 1256 3370 esse

125 3446 230 3509 usum,
270 3429 352 3511 qvod
386 3429 561 3509 scripturae
595 3428 664 3509 ejus
697 3429 729 3491 in
763 3431 944 3491 contextum
978 3427 1080 3507 ipsum
1109 3431 1256 3505 receptae

125 3556 229 3617 erant.
257 3586 293 3597 ——
327 3552 376 3615 De
403 3550 466 3615 alio
500 3526 608 3615 codice
641 3550 737 3615 etiam
773 3554 884 3615 contra
912 3533 1072 3613 Blurnium
1100 3547 1176 3611 mihi
1206 3547 1253 3610 di-

264 3792 279 3823 *
299 3789 412 3855 Scriver,
438 3792 477 3841 Fl.
500 3788 596 3857 Vegeti
618 3789 715 3843 chati
737 3788 884 3843 comitis»
912 3818 941 3827 -
965 3786 1046 3841 -de
1069 3803 1098 3840 re
1119 3787 1174 3840 mil.
1193 3786 1256 3840 libri

123 3903 150 3939 a.
170 3888 237 3943 1607
254 3902 278 3954 p·
298 3886 347 3941 185
364 3901 420 3953 sqv.

246 3982 279 4015 *⁴*
298 3980 399 4033 Blume
418 3978 583 4033 Feldmesser
600 3996 625 4048 p.
645 3981 686 4036 58.

229 4076 279 4111 ***
298 4075 366 4144 prol.
384 4090 410 4142 p.
430 4076 470 4130 17.

264 4175 280 4235 †
297 4170 316 4223 1.
334 4170 353 4222 l.
371 4185 396 4239 p.
415 4171 456 4225 28,
