2984 4667
1203 204 1239 253 4³

145 375 220 456 quin
255 410 294 418 -
318 372 513 453 acciperent“
537 370 729 453 significant:
769 374 853 453 quod
887 374 983 438 etiam
1016 374 1208 455 principales
1242 379 1275 438 et
1413 448 1416 452 ¹

145 492 327 576 praefectus
349 492 381 554 in
409 492 564 574 pedatura
587 490 720 555 duorum
749 492 846 556 semis
872 493 990 573 pedum
1023 493 1127 556 locum
1161 493 1274 573 accipi·
1322 403 1341 533 Ι

146 620 213 691 unt,
236 611 352 691 singuli
380 611 500 692 equites
528 628 591 674 non
618 611 730 692 plenos
759 612 839 675 duos
868 610 965 675 semis
998 583 1097 691 pedes
1130 612 1274 676 obtinere
1313 587 1327 631 '

146 737 289 814 possunt.
333 731 403 795 Hoc
435 730 505 794 loco
537 730 670 794 uerbum
703 730 878 812 accipiendi
911 749 986 795 uere
1019 749 1077 812 pro
1111 731 1275 795 obtinendi

148 852 301 917 uocabulo
324 857 496 931 usurpatur
509 850 592 913 -id
616 851 698 930 qvod
721 868 738 913 e
761 850 1026 931 praecedentibus
1048 851 1155 916 uerbis
1177 852 1275 931 „acci-

148 972 230 1053 piat‘
253 976 287 1035 et
308 970 562 1053 „computamus
586 970 775 1051 explicatum
799 988 987 1051 quamquam
1011 989 1100 1053 capp.
1123 971 1165 1035 26
1184 974 1216 1035 et
1234 972 1276 1035 34

148 1092 179 1155 in
202 1108 279 1154 uoce
301 1089 475 1169 accipiendi
498 1089 583 1154 inest
605 1088 691 1153 notio
704 1090 917 1169 computandi.
950 1090 993 1154 At
1015 1095 1157 1172 apparet,
1170 1108 1277 1171 quem-

149 1208 320 1273 admodum
342 1208 370 1270 A
396 1205 522 1271 Gemoll
544 1207 685 1270 rationes
708 1224 783 1270 suas
816 1208 1012 1272 subduxerit.
1056 1208 1175 1272 Factae
1203 1213 1279 1271 sunt
1357 1280 1366 1299 Ι

149 1329 232 1393 enim
255 1345 294 1391 ex
320 1326 474 1390 formula:
508 1323 849 1411 23†3†(3-3)‚
871 1326 926 1389 ubi
950 1324 1050 1411 3›-3
1086 1328 1275 1408 pedaturam
1344 1298 1486 1429 ἑιιΙζμ

148 1446 368 1527 principalium
391 1443 557 1525 significat.
584 1443 721 1509 Prorsus
743 1455 850 1511 tamen
874 1463 913 1509 ea
930 1464 966 1510 re
989 1444 1157 1526 refellitur,
1182 1446 1275 1527 qvod,

150 1566 231 1629 siin
254 1565 397 1645 singulos
430 1564 550 1645 equites
573 1582 635 1629 non
656 1564 729 1645 plus
752 1582 845 1645 quarn
875 1565 1015 1644 quintam
1037 1566 1129 1646 pedis
1151 1571 1275 1645 partem

149 1684 219 1749 ιιι·
212 1688 387 1748 increment
388 1701 441 1749 um
473 1688 600 1764 eomput
602 1702 701 1763 amus,
726 1689 875 1764 quattuor
909 1685 1041 1764 equites,
1065 1686 1116 1765 qui
1143 1686 1326 1753 eandem

149 1804 337 1885 pedaturam
359 1820 452 1884 quam
485 1803 593 1867 decem
622 1803 746 1885 pedites
774 1800 1045 1890 accipiebaft(t10
1066 1802 1190 1884 pedes),
1212 1820 1276 1865 non
1313 1814 1443 1929 tuq

149 1923 253 2004 majus
285 1922 415 1987 tentorii
448 1923 497 1987 sui
529 1922 758 1987 incrementum
790 1923 969 2003 habebunt,
1008 1942 1101 2003 quam
1135 1922 1152 2011 ξ
1187 1915 1319 2019 pedis
1390 1903 1486 1957 ²⁶¹³

151 2040 394 2143 (4(23†¹·-
374 2122 383 2129 .,
357 2042 471 2135 -10¹
516 2040 560 2123 4).
587 2041 701 2152 Langii
723 2048 774 2106 ra
774 2061 863 2107 iones
886 2042 1128 2107 confirmantet
1096 2049 1197 2107 ram
1210 2044 1312 2108 ten
1337 2041 1427 2100 *f
1447 2041 1487 2084 Ν

52 2238 57 2247 ,
165 2178 305 2224 errorum
328 2165 509 2225 retenturae
538 2161 671 2241 numeri,
681 2161 734 2225 de
757 2162 871 2241 quibus
894 2159 1033 2241 Lange
1024 2179 1093 2242 ipse
1115 2161 1198 2225 falso
1222 2162 1278 2225 dn·
1355 2186 1463 2248 sp

148 2281 197 2345 bit
183 2281 273 2345 teuit.
316 2281 458 2360 Apparet
480 2280 564 2345 enim
587 2298 626 2345 ex
649 2280 695 2345 cis
718 2281 813 2344 etiam
842 2298 938 2344 unum
962 2279 1075 2361 pedem
1097 2280 1195 2362 pedit
1173 2280 1279 2344 tedis

149 2399 417 2482 computationem
438 2404 562 2463 tantum
585 2403 730 2480 spectare
753 2405 786 2463 et
803 2399 960 2478 similiter,
978 2404 1013 2463 ut
1030 2404 1276 2464 consentaneum

150 2525 210 2601 est,
234 2520 313 2584 duos
346 2519 442 2583 semis
475 2518 573 2600 pedes
607 2519 721 2599 equitis
754 2518 796 2581 ad
818 2519 1086 2599 computationem
1108 2518 1280 2600 pertinere,

148 2644 186 2703 ut
207 2640 253 2705 eis
276 2637 415 2703 numeris
438 2638 535 2702 ctiam
556 2637 747 2719 principales
767 2641 989 2702 contineantur
1005 2642 1038 2702 et
1055 2637 1204 2701 dimidius
1221 2654 1280 2718 pes

150 2762 190 2825 de
211 2758 369 2824 uniuersis
392 2757 494 2823 tribus
518 2757 632 2838 equitis
659 2755 795 2837 pedibus
820 2758 861 2821 ad
890 2757 1119 2820 incrementum
1142 2756 1282 2820 deduca-

149 2879 305 2944 tur—’¹‘
329 2876 477 2943 Ceterum
500 2876 667 2957 instrigis
695 2881 727 2940 et
756 2868 877 2955 equites
902 2881 934 2940 et
955 2875 1080 2955 pedites
1101 2874 1280 2939 itat-ende
1356 2844 1376 2979 3

151 2997 340 3077 bantututei
363 2999 433 3062 viee
455 2996 569 3078 majori
591 2994 718 3059 aduersi
741 2998 938 3075 essentque
960 3012 978 3059 e
1000 2994 1114 3069 castris
1136 2994 1283 3073 egredie·
1358 3028 1371 3061 t

151 3118 227 3183 bant
214 3125 276 3183 t.ur
320 3118 407 3182 Tunc
429 3116 576 3198 quoniam
601 3115 691 3195 signa
712 3113 939 3213 praeferebant
941 3132 989 3192 ur,
1002 3114 1035 3177 id
1056 3114 1104 3177 lat
1090 3120 1141 3177 tus
1164 3130 1279 3177 nomen

152 3237 346 3319 „signorum
368 3236 420 3301 uel
443 3234 558 3317 „signi‘
580 3233 767 3313 accipiebat.
798 3232 908 3313 Neque
919 3238 1026 3297 ιιιιιιιι
1039 3251 1078 3297 ex
1089 3232 1148 3295 bac
1165 3250 1201 3296 re
1212 3231 1278 3295 ullo

151 3357 244 3421 modo
265 3356 417 3435 sequitur,
440 3354 523 3435 quod
545 3353 658 3417 statuit
679 3352 854 3432 Lange,*’¹‘
877 3369 939 3414 non
958 3351 1151 3431 reliquarum
1164 3350 1277 3415 cohor-

150 3476 230 3539 tium
243 3475 334 3555 signe
351 3473 391 3538 ed
403 3471 538 3571 primpm
557 3472 719 3538 eohortem
733 3471 893 3537 incastris
910 3470 1010 3536 fuisse
1024 3471 1121 3554 (unde
1134 3468 1281 3549 signiferi
1334 3453 1414 3525 Μ

106 3600 113 3614 “
152 3614 191 3661 ea
213 3594 281 3659 sine
303 3592 399 3657 dubio
422 3590 658 3674 apportabant),
682 3592 739 3656 sed
767 3590 892 3672 „signa“
921 3608 988 3671 cap.
1011 3591 1176 3660 &tantum
1202 3588 1282 3651 ima·

153 3756 358 3767 u*-

271 3856 286 3885 *
304 3854 336 3909 G.
354 3852 459 3908 Gemoll
477 3856 512 3922 (p.
533 3856 564 3909 11
584 3857 616 3913 s.)
633 3868 687 3906 rem
710 3852 751 3905 ita
773 3850 903 3914 confudit,
920 3853 952 3903 ut
969 3849 1089 3919 equidem
1106 3865 1158 3903 non
1176 3848 1282 3901 intelle·
1315 3833 1329 3968 3

152 3964 222 4017 gam,
240 3946 456 4017 quemadmodem
474 3962 540 4001 sana
557 3948 645 4001 mente
663 3961 727 4014 quas
744 3944 885 4013 proposuit
901 3943 1020 3997 rationes
1045 3942 1206 3996 subduxerit.
1247 3979 1251 3986 »
1320 3967 1327 4005 3

468 4004 644 4037 We

256 4042 285 4072 *⁷⁴
304 4041 337 4095 ad
355 4041 425 4110 Hyg.
442 4058 468 4109 p.
488 4043 545 4097 120,
