2984 4667
263 221 297 271 do

226 392 253 455 si
276 391 325 473 ,in
358 391 481 457 hostem
510 391 642 456 exit-uri'⁷
671 397 773 459 erant.
817 392 897 456 Tum
924 398 981 457 aut
1006 364 1130 459 classici
1158 396 1276 463 milites
1298 416 1349 462 ar·

224 512 287 576 lius
321 512 503 591 tendebant,
527 516 581 575 aut
604 512 733 577 camelis
761 512 794 576 in
815 512 867 578 via
889 512 1050 593 vicinaria,
1073 516 1164 596 cujus
1186 516 1348 583 dimidiam

224 631 424 697 latitudinem
447 632 627 713 explebant,
650 631 739 695 locus
763 635 833 696 erat
854 632 1037 697 attributae.

327 749 386 827 Qvi
408 751 449 815 ab
472 754 601 815 anctore
624 750 725 815 libelli
749 751 827 843 dati,
844 756 918 816 sunt
939 754 1062 819 numeri
1084 754 1195 835 augeri
1217 756 1269 820 vel
1289 756 1348 820 im-

224 870 323 934 minui
345 874 526 952 potuerunt,
550 874 585 933 ut
606 870 743 935 ambitus
767 877 942 937 castrorum
964 890 1027 937 non
1049 874 1279 939 immutaretur.
1313 874 1349 939 Si

224 1007 299 1053 vero
333 993 439 1054 certus
471 1007 632 1069 numerus,
655 992 707 1071 qvi
730 991 835 1073 (capp.
858 992 995 1073 34-36,
1018 994 1077 1075 40)
1100 994 1139 1058 de
1161 998 1350 1074 pretentura

224 1112 257 1171 et
277 1110 441 1173 retentura
463 1107 540 1190 (non
569 1108 723 1174 lateribus
755 1111 910 1191 praetorii
942 1130 971 1176 v.
995 1130 1063 1192 cap.
1085 1111 1143 1194 39)
1176 1111 1217 1175 ab
1240 1130 1278 1176 eo
1300 1113 1348 1176 in·

76 1275 77 1279 ,
149 1310 151 1315 ι
223 1228 348 1291 dicatur
369 1228 420 1293 vel
443 1229 549 1309 potius
572 1228 799 1309 significatum*
821 1248 970 1295 excessus
993 1235 1071 1310 erat,
1095 1230 1217 1311 ,omnia
1235 1232 1349 1296 immu-

223 1347 372 1413 tabantur
395 1352 428 1413 et
450 1348 597 1413 cohortes
620 1348 704 1413 circa
725 1349 844 1413 vallum
867 1350 962 1413 aliter
977 1349 1166 1413 tendebaut“
1182 1351 1264 1434 (cap.
1280 1351 1348 1433 41).

222 1468 272 1531 De
301 1467 458 1547 positione
493 1473 599 1533 autem
623 1472 655 1532 et
681 1468 837 1534 divisione
869 1469 1030 1549 legionum
1041 1467 1080 1505 ¹⁵*
1113 1470 1198 1533 circa
1228 1471 1349 1534 vallum

222 1588 419 1652 tendentium
451 1588 483 1651 in
517 1587 580 1651 alio
615 1605 672 1652 suo
705 1605 801 1667 opere
834 1589 962 1670 proprie
984 1591 1156 1653 tractatum
1178 1607 1250 1654 esse
1272 1590 1350 1654 dicit

223 1702 304 1790 (cap.
327 1706 384 1787 47)
408 1710 519 1770 auctor
541 1705 651 1785 libelli,
675 1707 758 1787 qvod
780 1706 821 1770 ad
844 1706 1021 1788 ,dominum
1043 1706 1193 1772 fratrem“
1216 1726 1252 1773 se
1273 1709 1348 1773 mis-

197 1872 199 1877 ·
222 1843 332 1889 surum
366 1843 436 1889 csse
464 1824 622 1907 promittit
643 1825 670 1889 si
692 1825 743 1889 bic
765 1827 902 1905 primum
924 1843 994 1890 eam
1016 1828 1232 1907 metationem,
1255 1847 1349 1909 qvam

220 1945 261 2009 ad
284 1949 406 2009 certum
434 1945 571 2010 militum
597 1963 763 2010 numerum
785 1946 997 2026 pertinentem
1009 1945 1067 1984 Μ
1094 1947 1127 2009 in
1149 1948 1289 2012 secunda
1309 1949 1348 2011 li-

220 2066 298 2130 belli
332 2068 381 2131 sui
412 2070 504 2147 parte
537 2066 692 2147 exposuit,
719 2067 754 2131 in
781 2066 877 2147 bello,
900 2068 950 2132 cni
972 2068 1028 2132 ille
1061 2086 1131 2131 cum
1155 2068 1348 2149 imperatore

218 2186 382 2265 intererat,
416 2186 618 2267 usurpaverit
649 2186 715 2269 ('’si
747 2187 885 2268 primum
918 2187 1110 2251 cotidianam
1143 2187 1348 2253 metationem

219 2305 432 2387 tractabia“†

321 2428 370 2491 De
393 2427 515 2491 duabus
538 2427 633 2491 rebus
657 2428 842 2492 munitionis
865 2432 1042 2491 castrorum
1057 2446 1159 2509 pauca
1173 2428 1348 2511 addam.††

218 2545 305 2609 Dicit
327 2550 439 2611 auctor
460 2546 561 2611 libelli
585 2566 652 2628 cap.
668 2548 711 2611 54
733 2548 885 2628 ,angulos
900 2552 1077 2611 castrorum
1092 2548 1238 2613 circinari
1254 2566 1347 2629 opor-

217 2666 296 2741 tere,
319 2664 392 2743 qvia
425 2682 518 2729 coxas
552 2664 694 2733 efficiunt
714 2666 975 2747 instabiliuntque
1006 2685 1099 2767 Qus,
1120 2669 1347 2748 propugnatio-

335 2868 352 2901 *
369 2867 415 2920 cfr.
434 2868 565 2937 Langium
584 2869 618 2922 ad
635 2874 704 2937 Hyg.
722 2887 747 2938 p.
767 2872 825 2925 191.

318 2963 351 2995 **
371 2961 463 3015 Scribo
482 2978 538 3031 cap.
557 2963 738 3031 dangiones
757 2962 859 3031 positas
878 2965 905 3015 et
923 2960 1023 3016 divisas
1040 2963 1068 3015 in
1087 2962 1167 3028 dnos3
1188 2964 1233 3017 cfr.
1252 2965 1345 3034 paullo

217 3057 290 3109 ante:
319 3055 457 3124 „onimus“
475 3072 524 3125 pro
541 3057 690 3125 ,ponimus
711 3088 741 3095 —
760 3057 886 3110 Perverse
904 3056 1010 3110 Gemoll
1027 3058 1118 3124 „omni
1145 3061 1220 3110 non“
1238 3058 1345 3127 scripsit

216 3165 264 3218 pro
283 3150 406 3218 „omnino
424 3152 494 3207 non“
513 3158 549 3220 (p.
567 3154 609 3215 93,
626 3156 663 3215 ὁ),
682 3151 752 3220 qvod
769 3168 810 3204 res
833 3151 1071 3220 palaeographicae
1088 3152 1178 3221 potius
1195 3150 1344 3221 postulant.

302 3245 353 3278 ***
372 3243 479 3298 Certum
506 3245 647 3299 exercitum
669 3245 702 3299 cb
728 3245 819 3299 oculos
846 3246 948 3299 auctori
974 3248 1109 3299 versatum
1130 3262 1188 3300 esse
1205 3247 1232 3299 in
1251 3246 1344 3301 libello
1417 3266 1420 3273 ·

216 3338 364 3402 scribendo,
383 3338 454 3393 ratio
472 3342 500 3392 et
517 3356 640 3393 numerus
659 3340 795 3409 copiarum
812 3342 1000 3408 praetenturae
1017 3339 1139 3409 probant.

326 3434 386 3504 †E
412 3436 531 3501 tempore
557 3433 631 3488 verbi
658 3433 794 3487 tractandi
821 3434 890 3503 (cap.
907 3436 961 3502 47),
989 3435 1064 3487 nullo
1090 3434 1177 3498 modo,
1195 3437 1228 3487 ut
1252 3435 1339 3488 voluit

215 3528 308 3596 Lange
325 3527 404 3596 (prol.
422 3544 448 3595 p.
466 3530 513 3589 553
532 3528 567 3581 ad
583 3528 652 3597 Hyg.
671 3545 697 3597 p.
716 3531 777 3596 197)
795 3528 916 3592 efficitur,
936 3528 1087 3596 ,dominum
1103 3528 1228 3581 iratrem“
1249 3528 1278 3580 in
1286 3528 1343 3583 bel-

215 3623 270 3674 lum
297 3622 474 3690 profecturum
501 3638 570 3675 esse:
598 3623 719 3692 postulat
746 3623 816 3675 enim
841 3622 911 3675 ratio
938 3623 1088 3691 syntactica
1113 3623 1195 3675 etiam
1212 3624 1275 3675 tunc
1292 3621 1342 3675 lut.

217 3719 300 3769 exact.
334 3716 464 3769 Futurum
483 3717 593 3785 simplex
611 3716 736 3770 hocloco
754 3717 814 3770 ideo
828 3719 984 3786 usurpatum
1005 3733 1062 3771 esse
1082 3716 1195 3779 videtur,
1208 3715 1277 3784 qvod
1288 3718 1343 3768 tra-

215 3811 299 3863 ctatio
317 3810 397 3864 cotid.
415 3812 569 3865 metationis
587 3828 639 3865 non
662 3828 711 3881 pro
734 3811 859 3865 absoluta
875 3813 903 3864 et
920 3811 1038 3880 perlecta
1057 3810 1178 3874 babetur,
1197 3827 1256 3863 cum
1272 3809 1343 3863 alter

138 3930 140 3937 1
214 3904 283 3958 liber
300 3906 427 3973 pervenit.
451 3906 523 3959 Fieri
541 3906 621 3959 etiam
638 3908 736 3976 potest,
754 3909 786 3958 ut
802 3906 851 3959 fut.
869 3906 983 3973 primum
1000 3906 1106 3958 omnino
1124 3903 1248 3958 licentius
1264 3903 1342 3957 adbi-

214 3998 300 4051 bitum
318 3999 362 4051 sit.

321 4094 349 4131 d*
367 4093 407 4148 De
424 4094 503 4164 nugis
520 4094 627 4147 Goeleri
645 4096 675 4161 (l.
686 4096 704 4148 l.
721 4094 791 4149 Aah.
808 4096 837 4146 II
855 4110 881 4168 p.
899 4096 950 4150 253
968 4093 1037 4163 aqu.)
1049 4096 1134 4148 taceo.
