2984 4667
279 204 345 241 xum

245 361 388 426 Alterius
416 359 533 424 codicis
562 360 755 439 memmium,
784 378 875 440 qvem
902 361 1045 427 Blume*
1075 379 1145 426 cum
1175 362 1271 427 tertio
1301 379 1376 426 con-

244 480 357 559 fundit,
381 480 465 543 infra
486 478 542 543 fiet
574 480 702 544 mentio.
747 480 891 544 Tertium
919 482 1144 546 memmianum
1174 481 1300 559 librum,
1336 502 1376 545 ex

244 619 304 681 qvo
332 599 491 681 Rigaltius
514 600 581 663 sine
605 599 700 663 dubio
732 601 914 681 „Aggenum
938 602 978 665 de
1005 602 1297 666 controversiis“**
1321 603 1371 665 de-

244 722 381 803 scripsit,
404 721 526 801 primae
549 720 661 783 classis
683 718 793 798 fuisse,
812 720 929 784 omisso
948 722 1044 785 etiam
1062 722 1244 786 testimonio
1258 723 1300 793 ,in
1318 741 1375 785 no·
1469 791 1470 796 1

183 840 195 881 ⁵²
243 842 323 905 ta**
342 841 449 918 allatu,
468 844 590 903 certum
609 844 667 903 est.
692 840 751 903 Est
768 840 851 904 enim
868 840 901 903 in
918 841 978 905 hoc
994 841 1184 905 memmiano
1200 836 1283 905 libro
1299 842 1375 905 titu—
1469 869 1470 896 1

156 954 160 963 ”
243 960 309 1025 lus:
332 962 413 1043 „lnc
437 960 491 1023 lib.
518 958 610 1021 Balbi
639 959 679 1021 ad
703 957 841 1038 Celsum.
886 959 1051 1041 Expositio
1075 963 1108 1025 ct
1129 962 1211 1025 ratio
1235 961 1373 1025 omnium

244 1079 449 1157 forrnarum“;
463 1080 518 1118 *²⁸*
533 1079 649 1142 desunt
662 1084 768 1143 autem
782 1080 894 1144 verba:
909 1082 1009 1162 „inter
1021 1083 1092 1145 eos“
1107 1081 1146 1166 (L
1157 1082 1209 1158 91,
1222 1084 1267 1164 8),
1281 1082 1375 1164 (qvae

243 1200 274 1261 in
303 1198 464 1263 codicibus
494 1203 527 1261 et
553 1197 712 1263 secundae
739 1204 773 1277 et
800 1200 915 1263 tertiae
939 1200 1052 1265 classis
1074 1200 1305 1281 inveniuntur‚)
1327 1207 1373 1264 et:
1470 1213 1471 1248 ³

244 1324 317 1401 „ant
338 1319 496 1399 1331111113ιι
521 1318 564 1399 (p.
588 1319 639 1397 91,
661 1320 700 1383 12
721 1317 774 1403 L);
797 1325 908 1383 contra
926 1322 1096 1386 secundam
1115 1323 1249 1386 classem
1268 1323 1300 1385 in
1318 1321 1373 1384 illo

220 1433 224 1442 ’
244 1447 332 1505 suut:
356 1441 472 1522 „signis
494 1440 591 1503 rectis
610 1438 656 1521 (p.
680 1440 731 1519 99,
750 1442 1042 1522 1)),1331333133331ι
1062 1445 1104 1523 (p.
1118 1444 1170 1523 91,
1184 1444 1249 1523 12).
1271 1443 1371 1506 Inter·

243 1562 317 1625 dum
352 1580 427 1625 uero
460 1559 592 1639 Rigaltii
621 1560 797 1640 scripturae
826 1562 934 1625 variae
962 1563 1080 1625 codicis
1108 1562 1288 1626 memmiani
1311 1581 1391 1625 non·
1471 1597 1472 1630 ;

244 1701 314 1746 cum
341 1684 445 1762 prima
473 1681 567 1744 classi
596 1680 808 1759 consentiunt,
831 1684 867 1743 ut
888 1700 919 1762 p.
942 1682 993 1761 93,
1017 1682 1037 1745 8
1060 1682 1095 1760 L,
1118 1682 1171 1745 ubi
1196 1682 1371 1771 coelicesll
1472 1707 1473 1712 ¹

243 1807 276 1866 et
303 1802 322 1865 J
350 1819 500 1883 perverse
529 1800 693 1864 exhibent:
728 1805 778 1883 „et
806 1802 1088 1881 septentrionalem
1117 1803 1246 1883 plagam
1267 1820 1371 1865 annua

242 1925 310 1988 vice
333 1924 497 1987 transire.“
541 1922 651 2001 Neque
673 1926 780 1985 tamen
804 1920 1021 2025 alius'„cpdex
1037 1924 1262 1987 memmianus“
1279 1924 1372 1985 iutel-
1472 1905 1473 1912 ¹

242 2044 306 2125 legi
326 2048 442 2124 potest,
467 2042 549 2123 qvod
572 2042 629 2105 illa
652 2042 930 2121 scripturaram,
954 2061 1016 2106 non
1039 2042 1148 2106 addito
1172 2044 1308 2122 „altero“
1331 2044 1368 2105 ad

243 2164 360 2228 codicis
383 2181 507 2241 nomen,
530 2162 614 2226 inter
636 2162 717 2225 alias
741 2181 810 2225 cnm
834 2164 938 2243 prima
960 2162 1055 2226 classi
1078 2168 1290 2242 congruentes
1307 2182 1370 2225 me-

243 2284 296 2347 dia
311 2288 369 2347 est.
404 2282 540 2345 Omnino
556 2282 715 2362 Rigaltius
733 2301 829 2345 unum
851 2284 990 2347 codicem
1008 2283 1231 2345 memmiauum
1244 2283 1369 2363 proprie

243 2422 416 2485 usurpasse
432 2403 574 2481 videtum
599 2403 660 2466 dno
678 2402 802 2482 reliqui,
826 2402 960 2482 singulis
989 2402 1104 2481 singuli
1129 2403 1216 2481 13313,
1240 2401 1369 2465 fortuito

242 2523 310 2586 fere
343 2527 568 2587 memorantur.
624 2522 704 2587 Illae
739 2521 973 2602 discrepantiae
1007 2522 1101 2601 liujus
1135 2522 1251 2585 codicis
1274 2540 1370 2584 mern·

243 2643 340 2707 miani
369 2647 401 2707 et
428 2643 621 2723 reliquorum
646 2642 789 2705 codicum
813 2642 934 2722 primae
957 2643 1069 2705 classis
1094 2642 1188 2706 facile
1212 2642 1370 2722 explican-

242 2770 304 2843 tur,
334 2764 360 2826 si
390 2764 504 2827 tertius
527 2762 737 2826 memmianus
761 2762 845 2826 idom
874 2763 942 2843 ipso
966 2763 1065 2827 codex
1091 2768 1149 2841 331,
1174 2757 1264 2843 qvem
1288 2763 1370 2825 Ran-

243 2888 397 2947 connetus
426 2903 464 2947 ex
493 2884 633 2947 secunda
661 2882 766 2946 classe
795 2887 827 2947 et
850 2882 916 2945 suis
940 2882 1040 2963 ipsius
1063 2883 1287 2947 additamentis
1303 2899 1372 2944 eor·

243 3004 334 3069 rexit.
357 3004 425 3067 Hoc
444 3003 742 3068 manifestissimum
760 3008 810 3066 est
827 3003 971 3084 exemplo
990 3022 1087 3083 sopra
1105 3003 1214 3067 allato:
1231 3003 1287 3083 „ad
1305 3020 1374 3082 sep-

242 3124 466 3188 tentrionalem
499 3123 645 3204 plagam’
674 3123 856 3187 esecunda
882 3123 984 3187 classe
1016 3127 1226 3187 manaverunt
1252 3127 1285 3186 31
1310 3123 1373 3184 duo

244 3244 390 3309 ablativi:
413 3262 535 3324 „annua
554 3242 640 3307 vice'’
658 3247 732 3306 sunt
748 3243 963 3307 correctiones
979 3243 1175 3307 Raneonneti
1192 3242 1302 3323 ipsius.
1337 3242 1371 3305 In

240 3359 397 3429 Bredowii
421 3363 566 3444 epistulis
588 3360 819 3444 parisiensibus
841 3364 914 3427 anni
940 3363 1022 3428 1812
1038 3364 1126 3428 Hase
1143 3363 1225 3426 huuc
1241 3362 1369 3425 tertium

242 3483 466 3549 memmianum
504 3483 645 3548 codicem
679 3484 814 3549 cundem
848 3488 942 3564 atqve
975 3485 1148 3565 parisinum
1184 3484 1267 3548 1299
1300 3500 1370 3546 esse

370 3726 379 3749 ·
399 3721 564 3775 Feldmcsser
582 3738 608 3789 p.
626 3723 659 3777 31
679 3737 705 3774 n.
724 3723 768 3777 36.

356 3821 380 3847 ·*
399 3816 542 3883 „hactenus
565 3814 696 3869 ineditum
720 3814 811 3868 eadem
835 3814 998 3868 bibliotheca
1019 3817 1046 3867 et
1069 3814 1158 3868 scidae
1181 3814 1372 3868 3113333311-

240 3912 303 3967 cerii
325 3910 429 3965 codice“
449 3910 557 3978 (mirum
574 3912 615 3963 est
632 3910 698 3963 haec
716 3910 771 3963 tria
788 3908 869 3963 verba
887 3926 903 3961 a
920 3908 1034 3976 Blaesio,
1052 3908 1218 3963 Feldmesser
1236 3908 1270 3977 11,
1292 3913 1324 3965 31
1345 3926 1373 3963 n.

239 4011 273 4065 36
292 4006 390 4059 omissa
408 4007 483 4068 3333).

343 4103 380 4130 **“
398 4099 475 4152 (1333.
493 4115 519 4167 p.
537 4101 596 4154 232.
