2984 4667
1210 219 1243 269 57

154 418 229 465 vero
252 372 363 479 negcri
384 399 493 477 potest
513 391 684 472 Festurn*
706 390 842 469 Livium,
856 389 894 430 *¹⁶
915 390 1054 455 fortusse
1076 390 1172 456 etiam
1186 390 1278 455 1666-

153 495 318 601 Ι61111111111
340 516 444 581 lorum
478 518 640 579 castrense
673 530 851 577 memorare
883 515 977 592 atqve
1003 511 1120 575 Festus
1148 528 1186 575 eo
1207 510 1278 590 ipso

153 638 256 720 locet
278 639 311 702 id
333 655 451 719 ponere
473 634 608 713 videtur,
631 631 685 696 ubi
707 632 808 697 fuisse
829 632 938 712 Longe
960 633 1060 711 putot,
1073 631 1130 695 sed
1152 648 1223 695 cum
1238 631 1279 695 de

154 775 192 823 eo
215 761 326 823 auctor
348 754 450 821 libelli
471 771 602 835 prorsus
625 756 740 831 taceat,
763 750 841 815 nihil
863 751 1027 832 hebemus,
1050 769 1107 815 cur
1120 750 1279 832 fingamus

154 913 197 925 -
219 876 293 957 quin
307 876 403 940 etiarn
422 874 611 940 contendere
623 890 801 953 possumus,
825 871 1061 937 tertiosoeculo
1082 870 1116 935 id
1133 888 1196 935 non
1210 870 1278 951 jonr
1359 958 1366 968 θ

153 998 263 1076 fuisse,
287 998 360 1078 qvia
382 996 592 1061 disertissime
615 994 656 1075 (c.
678 992 734 1075 19)
761 996 899 1057 statores
932 992 1080 1056 dicuntur
1111 989 1279 1069 ᾖ1616611166

154 1115 297 1198 ejusdem
320 1116 376 1198 (z
399 1112 577 1197 quaestoris)
601 1113 732 1178 tendere
756 1112 873 1178 debere
901 1112 944 1175 od
962 1111 1046 1175 61661
1067 1110 1275 1193 quomrum
1460 1156 1468 1198 3
1480 1173 1482 1182 ,

153 1236 202 1301 re
237 1236 321 1299 tisun
355 1235 490 1316 quidem,
524 1236 560 1297 uc
581 1232 687 1297 wilm.
711 1232 806 1310 1666,
828 1232 1059 1311 posterioribus
1080 1230 1279 1312 temporibus
1438 1212 1457 1235 ³

154 1360 317 1421 castrense
339 1354 443 1418 lorum
466 1352 566 1417 luisse
588 1350 785 1416 confirment.
806 1350 938 1415 -Sine
958 1351 1148 1420 ullocutem
1165 1370 1280 1418 caussa

153 1475 263 1554 Lange
286 1472 480 1566 devnumeris
503 1472 712 1557 tentoriorum
735 1474 920 1535 retenturoe
949 1468 1115 1536 dubitarit.
1128 1473 1170 1553 ††
1213 1472 1278 1537 Res

154 1599 260 1659 tomen
282 1592 459 1660 restissinre
482 1594 532 1655 est
558 1594 591 1655 et
613 1590 857 1673 simplicissima.
902 1588 1024 1653 Cohors
1046 1590 1278 1670 6611016660-

155 1714 248 1778 liorio
270 1711 343 1777 240·
356 1712 477 1792 oqvites
490 1712 544 1792 (-..-
558 1712 622 1775 600
643 1710 783 1805 pedites)
805 1710 953 1791 habehat,
972 1711 1116 1793 quicum
1140 1712 1203 1776 760
1224 1729 1279 1793 pe·

154 1833 272 1898 ditibus
284 1833 347 1914 itt
374 1832 455 1897 1360
477 1832 601 1911 pedites
624 1830 776 1895 efficiunt.
815 1831 875 1909 Qvi
898 1832 966 1896 sine
987 1832 1181 1897 incremento
1205 1832 1278 1916 (cfr.

155 1972 221 2035 cap.
244 1954 300 2019 42:
324 1953 450 2033 adJecto
471 1953 579 2033 quinte
599 1953 731 2034 pedum)
754 1951 863 2016 111136
880 1952 1278 2043 161116611611616606116111,
1297 1964 1311 2049 ξ

153 2079 190 2137 ut
211 2075 242 2138 in
265 2073 407 2154 singulos
426 2073 543 2153 singuli
555 2074 653 2154 pedes
670 2075 937 2153 computarentur.
964 2072 1076 2153 Neque
1092 2074 1279 2139 1611616111-
1295 2076 1310 2162 1

153 2194 221 2275 guli
244 2192 429 2259 obtinebant
450 2194 561 2274 plenos
585 2192 726 2273 singulos
748 2193 847 2272 pedes
869 2192 935 2275 (vel
957 2193 1076 2273 singuli
1099 2193 1220 2273 equites
1235 2190 1273 2257 21

152 2314 264 2395 plenos
280 2306 401 2394 pedes),
424 2331 446 2375 u
473 2313 540 2392 janr
558 2330 654 2393 supra
670 2313 787 2392 monui,
811 2313 895 2393 qvod
912 2330 951 2376 ex
966 2313 1032 2377 illis
1048 2312 1195 2378 tentoriis
1212 2312 1276 2377 sin-

153 2433 245 2514 gulos
268 2432 468 2497 centuriones
491 2436 524 2496 et
546 2432 974 2513 decurionesuocipiebant.
1019 2432 1071 2496 Sic
1094 2432 1200 2497 omnio
1222 2450 1276 2514 op·

154 2553 230 2617 time
263 2552 444 2618 cohaerent.
490 2552 577 2629 Quae
612 2571 682 2617 curn
716 2553 763 2617 ito
795 2553 868 2632 sint,
898 2551 1133 2617 concedendurn
1162 2558 1220 2632 est,
1243 2554 1276 2616 in

153 2672 286 2753 singulis
304 2672 517 2766 centuberniis
534 2672 647 2737 harum
665 2672 842 2737 cohortium
860 2673 960 2756 denos
976 2673 1101 2752 pedites
1121 2690 1184 2737 non
1200 2672 1278 2737 fuis-

153 2791 227 2873 se;§
247 2792 304 2857 sed
320 2792 352 2854 in
370 2792 500 2857 dubium
511 2796 619 2873 potest
634 2793 751 2873 vocari,
764 2811 839 2857 uum
851 2792 981 2873 entique
998 2796 1123 2857 centurn
1140 2793 1276 2857 rnilitum

155 2911 298 2976 centuria
310 2912 471 2976 denornmv
485 2889 1025 3009 penitumpontthiihld‘naooerit,
1038 2913 1121 2993 qvod
1135 2910 1206 2977 fieri
1221 2931 1277 2993 po-

152 3036 226 3111 test,
242 3037 288 3113 ut,
301 3051 369 3097 cum
383 3034 581 3099 contubernii
592 3053 743 3099 numerus
759 3035 805 3100 ita
816 3035 982 3114 indicatur,
999 3034 1137 3097 decanus
1153 3051 1211 3121 pro
1224 3052 1308 3114 sum
1316 3099 1357 3110 Μ

152 3153 390 3233 pernumerario
403 3152 530 3218 habitus
544 3154 595 3219 sit.
609 3154 636 3217 E
650 3154 755 3220 verbis
767 3157 860 3236 cupl
873 3153 937 3217 fin:
951 3152 1104 3235 „alioquin
1118 3152 1191 3233 plus
1207 3152 1277 3217 dori

150 3240 646 3308 ΛΜΨ

270 3356 286 3389 *
304 3372 330 3423 p.
348 3356 400 3411 256
417 3354 453 3407 Μ.

253 3450 286 3484 **
304 3449 346 3514 41,
364 3452 389 3505 2.

234 3544 286 3578 *11*
305 3543 337 3596 Β.
355 3542 380 3595 J.
398 3542 447 3607 111,
465 3541 493 3607 5,
510 3545 534 3597 2.
565 3542 619 3595 ou.
638 3542 719 3596 etiam
739 3542 812 3595 Suet.
831 3543 902 3596 Nero
920 3561 942 3598 c.
960 3547 1002 3600 26.

264 3639 283 3700 l
302 3636 353 3689 Per
371 3652 399 3690 so
416 3637 461 3690 hic
479 3638 552 3690 locus
571 3636 605 3690 ad
627 3636 713 3690 forum
732 3639 867 3691 castrense
885 3638 1100 3707 aptissimnsest,
1111 3640 1179 3709 qvod
1197 3639 1277 3694 dubi·

150 3731 204 3784 teri
222 3731 322 3800 nequit,
341 3731 403 3799 quin
423 3734 546 3800 quaestor
564 3732 645 3785 etiarn
662 3732 719 3785 foro
737 3731 909 3801 praesederit.

248 3829 289 3888 ††
308 3824 342 3877 od
359 3824 427 3894 Hyg.
446 3842 489 3894 pp.
510 3828 652 3883 178-181.

224 3923 285 3983 †††
303 3918 388 3971 Erant
402 3919 429 3970 in
440 3920 547 3973 cohorte
557 3936 614 3989 equ.
625 3920 799 3989 quingenario
807 3920 864 3973 sine
882 3920 963 3975 dubio
973 3938 1025 3975 non
1034 3923 1156 3991 pluente
1165 3922 1276 3991 pedites,

151 4016 183 4065 nt
200 4012 312 4067 eundem
329 4012 443 4091 nriliturn
462 4029 598 4067 numerum
624 4012 743 4080 heberet,
762 4029 839 4083 qvem
857 4015 927 4068 alise
948 4015 1069 4069 cohortes
1079 4017 1277 4085 quingenariae.

265 4112 280 4175 ς
299 4104 352 4160 Cir.
371 4122 427 4177 cop.
445 4108 480 4163 28
497 4106 529 4160 de
548 4108 656 4163 cohorte
673 4107 732 4180 ped.
750 4108 817 4164 mill.
