2984 4667
271 270 303 317 52

235 438 288 502 nbi
310 438 388 502 haec
414 438 513 501 verba
542 440 629 500 sunt:
663 440 715 516 „ut
742 435 813 500 alae
841 434 1011 499 milliarino
1032 434 1065 498 in
1086 438 1295 515 praetenturae
1318 434 1364 497 ad

234 555 347 637 pedem
379 556 538 634 tendant‘,
562 556 619 619 sed
652 555 749 619 etiam
783 571 800 617 e
833 571 901 634 cap.
926 553 977 632 16,
1000 553 1032 616 in
1065 570 1126 634 qvo
1159 552 1368 632 apertissime

236 676 321 739 1000
352 675 422 756 eqvi
455 678 672 739 memorantur
715 672 783 756 (qvi
817 689 968 736 numerus
1001 689 1102 752 neqve
1136 690 1176 738 ex
1207 670 1368 736 formula:

233 796 383 877 241401-
398 794 433 877 3)
455 811 558 874 neque
580 812 620 859 ex
641 791 779 857 formula
795 794 894 874 24(ὅῖ
910 794 945 872 l-
960 793 994 876 3)
1018 791 1111 858 effici.
1123 796 1239 874 potest.
1279 790 1367 856 Con-

233 914 379 980 firmatur
404 913 482 977 haec
510 912 668 977 sententia
696 912 904 977 similitudine
939 912 1093 977 tensionis
1126 912 1198 977 alae
1230 912 1363 992 qvinge-

232 1034 356 1098 nedae:
397 1031 768 1116 (40><3)12:1440
807 1036 840 1095 et
873 1031 1029 1114 (40><3)
1062 1029 1368 1109 25:600><5‚*

233 1158 273 1215 et·
297 1169 428 1216 numero
462 1150 601 1215 cohortis
637 1151 796 1231 eqvitatae
828 1151 1006 1230 milliarum,
1036 1150 1088 1232 qvi
1118 1151 1202 1215 1000
1223 1151 1362 1214 militum

233 1274 302 1335 erat
325 1271 407 1355 (cap.
429 1271 496 1335 26».
540 1272 654 1351 Itaque
688 1268 886 1380 Q
915 1275 1001 1335 recte
1028 1268 1193 1335 Scbele’*
1214 1270 1364 1351 conjecit,

231 1388 365 1469 primam
387 1392 524 1454 turmam
548 1390 677 1471 duplum
700 1407 866 1452 numerum
882 1389 1043 1453 habuisse.
1071 1389 1121 1453 De
1133 1390 1256 1454 Mauris
1273 1388 1365 1470 eqvi-

231 1506 326 1585 tibus,
338 1508 510 1572 Pannoniis
532 1506 778 1585 veredariisffi
801 1507 943 1572 classicis
956 1506 1167 1571 Misenatibus
1185 1511 1218 1570 et
1233 1507 1363 1570 Raven-

231 1625 368 1701 natibns,
386 1626 640 1708 exploratoribus
657 1627 724 1708 jam
741 1626 850 1707 Lange
873 1632 959 1691 recte
981 1626 1142 1691 dissemit.
1175 1627 1225 1690 De
1242 1625 1363 1690 ceteris

230 1748 453 1825 praetenturae
476 1746 584 1826 copiis,
607 1746 647 1810 de
670 1745 912 1824 valetudinario,
934 1746 1137 1824 veterinum,
1152 1743 1276 1809 fabrica
1297 1742 1364 1808 dif-

230 1860 405 1927 ficillimum
428 1870 478 1929 est
496 1864 650 1945 judicium
672 1865 827 1945 proferre,
850 1884 921 1930 cum
944 1864 1069 1930 numeri
1092 1868 1125 1928 et
1146 1865 1254 1944 capi
1277 1867 1309 1925 et
1333 1881 1360 1927 c.

231 1979 273 2045 35
295 1982 436 2062 corrupti
467 1982 569 2060 sint.†
613 1982 658 2047 Ac
679 1984 816 2062 primum
849 1984 975 2065 qvidem
1009 1984 1092 2063 qvod
1119 1983 1161 2047 ad
1191 1987 1359 2046 tonsuram

229 2099 463 2180 valetudinarii,
490 2101 685 2181 veterinarii,
714 2102 915 2182 fabricaeqve
937 2102 970 2166 in
992 2102 1174 2166 universum
1207 2102 1360 2181 pertinet,

231 2214 344 2281 Schele
366 2218 494 2282 notione
510 2220 690 2317 superioris
714 2220 774 2284 loci
798 2226 976 2285 castrorum
999 2225 1032 2285 et
1053 2219 1214 2285 inferioris
1229 2219 1360 2284 omnino

229 2340 335 2447 Q
348 2344 508 2419 percepta,
530 2339 577 2403 ita
609 2339 875 2403 valetudinarium
907 2357 1016 2451 Q
1033 2338 1195 2404 cohortem
1222 2339 1358 2421 primam

164 2434 173 2463 “
229 2454 318 2534 ponit
329 2456 371 2535 ††
393 2460 428 2520 ut
449 2457 481 2521 in
505 2458 615 2521 eadem
632 2457 733 2537 striga
751 2458 915 2538 longitudo
933 2445 1004 2540 ejus
1019 2463 1088 2523 tota
1104 2459 1261 2523 introrsus
1284 2476 1361 2522 con-

352 2693 368 2726 *
391 2693 498 2746 Videtur
514 2692 634 2756 refutari,
653 2692 721 2761 qvod
747 2694 816 2747 alam
836 2694 989 2748 milliariam
1007 2697 1034 2749 et
1052 2696 1119 2749 duas
1136 2698 1194 2750 alas
1212 2697 1358 2765 qvingena-

227 2782 281 2837 rias
299 2784 369 2838 inter
387 2801 414 2839 so
432 2785 575 2853 pedaturas
593 2789 699 2839 mutare
722 2803 800 2855 posse
818 2790 912 2840 auctor
929 2787 1015 2842 libelli
1034 2792 1102 2858 (cap.
1122 2794 1161 2854 15,
1179 2792 1222 2855 23,
1239 2792 1284 2852 24>
1303 2790 1358 2860 sig-

227 2876 327 2930 nificat.

328 2971 362 3004 *⁴*
383 2971 400 3024 l.
418 2972 437 3024 l.
456 2988 481 3040 p.
502 2974 575 3029 1079.

311 3064 361 3098 *⁴²*
380 3062 553 3117 Veredarinm
574 3081 676 3131 „vocem
700 3070 869 3121 extraneam«
887 3084 944 3123 esse
962 3070 1048 3122 voluit
1066 3071 1157 3139 Lange
1176 3072 1221 3137 (ad
1239 3071 1308 3142 Hyg.
1328 3089 1356 3141 p.

226 3156 286 3216 115)
306 3156 340 3209 ad
358 3158 537 3225 germanicum
555 3158 675 3212 verbnm:
694 3159 774 3214 Plerd
792 3176 926 3225 revocans,
947 3163 1016 3229 qvod
1034 3166 1122 3217 tamen
1141 3180 1155 3217 e
1173 3166 1306 3219 contrario
1324 3183 1357 3220 ex

226 3249 418 3317 „paraveredo“
437 3250 591 3303 deducitur:
614 3267 638 3304 v.
655 3251 698 3305 Dn
718 3252 808 3321 Gange
831 3253 919 3309 Gloss.
938 3271 959 3308 s.
977 3256 1004 3308 h.
1023 3272 1047 3309 v.
1082 3256 1145 3311 Veri
1167 3258 1253 3311 simile
1271 3258 1360 3326 igitur

225 3344 273 3405 est,
291 3340 454 3411 Festum1p.
473 3346 535 3405 372)
553 3348 624 3398 recte
642 3345 785 3413 conjecisse
803 3348 892 3401 veredi
910 3364 1000 3401 vocem
1018 3365 1033 3403 e
1050 3349 1137 3403 verbis
1154 3352 1266 3405 vehendi
1277 3354 1355 3405 etre-

225 3432 275 3487 dae
292 3434 455 3488 derivantem
468 3435 541 3498 (reda
555 3437 623 3489 enim
641 3438 684 3491 vel
702 3438 791 3499 raeda,
809 3454 861 3491 non
880 3440 964 3493 rheda
981 3445 1052 3495 recte
1070 3443 1207 3507 scribitnr;
1225 3461 1249 3497 v.
1268 3444 1352 3498 Hein-

223 3526 280 3579 rich
299 3527 333 3579 ad
350 3526 445 3581 Jnven.
456 3527 490 3590 ll,
510 3531 573 3593 1243
591 3528 624 3583 N.
634 3529 721 3584 JJbbr
737 3530 756 3584 f.
768 3531 838 3585 Phil.
853 3534 948 3591 vol.85
960 3550 987 3602 p.
997 3538 1055 3591 109.
1082 3536 1173 3604 Neqve
1190 3538 1240 3590 hoc
1257 3538 1358 3592 verilo-
1375 3498 1477 3644 &aaa

224 3619 313 3687 qvinm
330 3621 416 3687 prima
434 3621 539 3690 syllaba
557 3627 678 3693 correpta
696 3628 738 3693 [ut
752 3627 832 3679 Mart.
841 3626 890 3694 ilp.
901 3630 941 3691 14,
950 3630 993 3691 86,
1013 3630 1040 3696 1]
1067 3628 1180 3683 diluitur
1196 3609 1353 3699 praesertim

229 3727 286 3764 cum
296 3728 327 3765 ea
335 3728 384 3766 vox
395 3714 428 3767 ad
438 3730 542 3768 cursum
551 3716 686 3784 publicum
697 3720 804 3786 proprie
817 3724 844 3773 et
855 3721 1043 3791 principaliter
1053 3724 1213 3791 pertinuisse
1221 3723 1355 3778 videatur,

338 3811 357 3869 †
376 3806 460 3872 Qvam
478 3809 533 3862 sint
551 3811 668 3878 corrupti
685 3813 787 3865 numeri
805 3814 832 3866 in
852 3814 954 3878 libello,
973 3816 1039 3869 haec
1056 3818 1176 3885 exempla
1186 3820 1353 3870 monstrant:

222 3912 249 3965 p.
276 3901 318 3961 90,
345 3902 389 3955 14:
415 3900 632 3956 Dcnccocxx
658 3920 715 3976 pro⁸
732 3898 930 3971 wodecim
957 3925 983 3976 p.
1010 3913 1051 3970 91,
1079 3913 1109 3965 5:
1136 3909 1277 3964 OCCOXX
1303 3927 1355 3978 pro

223 3990 424 4075 ccccm&
443 3998 520 4063 psl,
540 3998 585 4051 13:
604 3998 694 4049 CCXL
708 4016 759 4065 pro
777 4002 870 4061 DXLr
884 4020 912 4069 p.
924 4004 993 4063 aad
1011 4005 1132 4056 OOOXX
1141 4023 1191 4072 pro
1210 4005 1356 4058 eccm.

286 4132 293 4143 .
324 4090 365 4150 ††
383 4088 400 4140 l.
419 4088 437 4141 l.
455 4105 481 4156 p.
501 4091 577 4145 1050.

1469 3607 1477 3653 l
