2984 4667
254 304 292 340 111

221 460 396 541 „Nypsum“
422 461 473 525 vel
501 461 686 541 „epistulam
715 460 757 523 ad
784 458 929 523 Celsum‘
956 458 1004 525 ita
1026 459 1197 540 supplevit,
1220 463 1256 523 ut
1277 460 1347 540 ipse

220 578 253 642 in
285 582 427 644 extremo
460 578 537 643 folio
570 580 602 643 3ῙΓ
633 579 758 643 initium
788 578 1001 659 supplementi
1028 578 1193 658 scriberet,
1224 578 1347 659 reliqua

222 696 290 781 (fol.
316 698 454 785 10514)
482 698 586 762 altera
607 714 719 761 manus
742 697 775 759 in
799 696 1005 777 quaternione
1027 696 1160 761 minoris
1183 695 1315 761 formae.
1330 698 1348 735 *

220 816 345 881 Deinde
366 834 568 897 quaeeunque
591 816 631 880 de
654 814 787 879 coloniis
808 814 975 879 florentino
1000 815 1101 893 codici
1124 815 1267 895 deerant,
1278 815 1348 880 Me·
1488 809 1490 932 l

220 936 317 1001 tellus
339 936 408 1017 ipse
431 935 609 1015 descripsit.
622 937 659 975 **
702 935 773 999 Hoc
795 934 1047 999 additamentum
1072 953 1090 999 e
1111 933 1243 998 Zancbii
1264 933 1355 999 libro·

1488 1151 1489 1214 l

1488 1319 1490 1354 l

222 1054 344 1118 minore
382 1053 485 1118 forma
522 1054 607 1118 inter
646 1052 724 1116 folia
757 1054 777 1116 9
814 1058 847 1116 et
881 1052 922 1117 18
955 1051 1072 1117 codicis
1105 1051 1267 1117 barberini
1300 1052 1346 1115 in-

222 1179 343 1237 sertum
366 1177 424 1236 est.

326 1291 430 1372 Supra
456 1293 628 1357 memoravi
655 1292 800 1356 libellum
828 1292 868 1355 de
896 1309 980 1354 mun.
1009 1294 1103 1356 castr.
1131 1294 1235 1355 totum
1257 1309 1275 1355 e
1297 1308 1348 1354 co-

223 1410 292 1475 dice
313 1410 442 1475 Zancbii
466 1429 485 1474 a
507 1409 757 1475 scribaMetelli
780 1414 940 1490 sumptum
964 1427 1045 1474 esse.
1089 1410 1127 1473 In
1148 1409 1252 1474 indice
1270 1411 1349 1475 sori-

222 1534 349 1611 ptorum
377 1531 495 1595 codicis
523 1532 563 1611 D,
596 1550 616 1595 a
642 1530 774 1596 Metello
802 1530 873 1611 ipso
901 1530 1021 1594 Romae
1048 1548 1077 1593 a.
1108 1530 1191 1594 1546
1219 1530 1370 1628 scriptaL

222 1648 352 1714 Zancbii
380 1649 480 1714 codex
507 1650 595 1713 solus
617 1650 807 1713 nominatur.
854 1649 918 1714 Sed
940 1653 1014 1729 post
1035 1648 1163 1713 titulum
1185 1650 1286 1729 ipsius
1308 1648 1346 1711 li-

223 1766 315 1830 belli:
354 1767 489 1849 „Hygini
522 1766 671 1831 Gromaci
703 1767 786 1831 liber
818 1768 859 1832 de
891 1766 1119 1832 munitionibus
1152 1768 1347 1832 castrorum”

224 1886 375 1967 scriptum
399 1890 449 1950 est
469 1887 570 1967 ipsius
592 1886 716 1951 Metelli
737 1906 834 1951 manu
857 1886 926 1972 (iol.
943 1888 997 1950 34r
1014 1888 1134 1967 supra):
1151 1874 1207 1967 per
1217 1886 1348 1951 Antonii

224 2003 345 2071 Galesii
367 2006 495 2071 Massae
518 2007 626 2071 codice
644 2011 676 2070 et
689 2007 763 2071 Bas.
780 2007 924 2071 Zancbi“'.
959 2006 1048 2083 Quae
1063 2006 1228 2087 inscriptio
1240 2011 1348 2071 tamen

224 2124 307 2189 falsa
340 2131 399 2190 est.
453 2126 562 2206 Neqve
591 2126 674 2191 enim
707 2125 823 2207 prioris
855 2126 1051 2206 possessoris
1083 2143 1200 2190 nomen
1228 2124 1350 2189 Galesii

223 2242 351 2309 Massae
384 2262 455 2309 esse
489 2248 605 2324 potest,
639 2262 739 2324 neqve
772 2244 872 2307 codex
899 2243 1029 2308 Zancbii
1057 2262 1074 2307 e
1102 2244 1266 2323 gelasiano
1296 2244 1350 2308 de-

224 2364 361 2443 scriptus
389 2368 446 2427 est.
491 2364 614 2442 Restat,
638 2367 674 2427 ut
701 2364 799 2427 alium
827 2381 919 2442 qvem
941 2362 1082 2426 codicem
1105 2360 1227 2426 Galesii
1249 2362 1349 2426 luisse

224 2482 399 2559 credamne,
422 2482 474 2561 qvi
496 2482 537 2546 ad
559 2482 782 2563 corrigendum
804 2480 1019 2545 adhiberetur.
1054 2480 1118 2545 Sed
1136 2481 1252 2557 obstat,
1265 2480 1349 2560 qvod

224 2618 333 2665 omnes
355 2594 568 2666 correctiones
592 2602 625 2664 in
647 2600 758 2664 libello
781 2601 822 2664 de
843 2617 928 2663 mun.
951 2603 1046 2663 castr.
1065 2598 1234 2664 aMetello
1250 2598 1349 2662 corri-

223 2723 318 2799 gente
352 2738 369 2784 e
401 2720 510 2784 codice
541 2719 672 2785 Zancbii
704 2720 736 2783 in
770 2719 949 2799 exemplum
981 2718 1105 2782 scribae
1135 2719 1183 2781 sui
1217 2718 1347 2782 intextae

224 2843 307 2903 sunt.
350 2839 433 2902 Nam
454 2856 494 2903 ne
517 2838 584 2902 ulla
607 2838 734 2919 quidem
758 2838 854 2902 lectio
876 2856 957 2918 qvae
979 2837 1207 2902 dicitur.raria
1228 2836 1349 2901 inveni·

223 2960 283 3023 tur.
328 2956 409 3021 Sunt
436 2958 562 3037 quidem
588 2958 670 3021 duae
692 2957 906 3021 correctiones
928 2954 1047 3020 rubrae
1069 2954 1192 3036 (ricard
1212 2956 1245 3019 in
1267 2973 1350 3019 mar·

223 3075 296 3155 gine
313 3076 354 3139 ad
371 3078 626 3156 „veteranorum“
645 3094 675 3156 p.
693 3076 745 3154 69,
764 3077 785 3139 6
801 3078 834 3139 et
851 3093 883 3137 ec
896 3076 928 3139 in
939 3074 1076 3155 sabjecta
1091 3094 1161 3156 exp.
1173 3074 1302 3139 rubrica
1316 3093 1347 3155 p.

148 3275 152 3281 Ι
223 3194 275 3274 98,
287 3193 333 3275 8),
346 3195 402 3259 sed
419 3194 522 3259 factae
538 3196 611 3275 alia,
627 3213 691 3258 non
708 3194 833 3259 Metelli
849 3213 953 3275 manu,
973 3213 1053 3275 qvae
1070 3195 1210 3277 reliquas
1226 3212 1351 3259 corree-

222 3313 325 3377 tiones
353 3314 497 3378 inseruit.
541 3314 601 3379 His
629 3314 826 3395 argumentis
853 3313 1043 3396 aedificium,
1071 3315 1155 3395 qvod
1181 3314 1291 3395 Lange
1318 3314 1351 3377 in

222 3432 457 3512 prolegomenis
485 3432 526 3496 ad
553 3432 715 3515 Hyginum
745 3434 805 3499 bac
832 3435 1038 3499 adnotatione
1059 3432 1185 3497 Metelli
1207 3434 1240 3496 in
1263 3433 1350 3497 codi-

205 3525 291 3614 cem
324 3548 349 3613 Ο
381 3551 538 3615 translata
570 3552 659 3615 nisus
693 3553 841 3631 extruxit
869 3570 1000 3634 prorsus
1030 3553 1194 3628 evertitur.
1238 3551 1349 3632 Lange

223 3668 342 3748 gaudet
364 3669 407 3749 (p.
431 3669 487 3750 23)
510 3668 691 3735 confirmari
712 3671 926 3751 conjecturam
949 3689 1038 3736 suam
1062 3670 1213 3735 Scriverii
1235 3704 1278 3717 -
1297 3689 1351 3735 ea-

224 3786 295 3851 dem
318 3786 516 3867 conjeotura;
545 3789 752 3869 nequeenim
775 3789 895 3870 dubito,
923 3790 997 3871 qvin
1020 3790 1147 3855 Scriver
1168 3790 1228 3854 hoc
1252 3790 1346 3854 modo

333 3949 349 3976 ·*
368 3944 571 4015 Oonjungnntnr
588 3948 639 4001 hae
656 3950 746 4016 partos
765 3947 868 4003 duobus
886 3949 980 4017 signis.

325 4042 349 4068 ⁸·
366 4039 413 4093 fol.
433 4042 542 4105 16-17;
559 4040 597 4093 fol
616 4042 648 4097 15
665 4058 718 4094 non
736 4045 778 4095 est
795 4042 931 4111 scriptum.
965 4043 1025 4097 Fol.
1049 4047 1151 4100 16-17
1169 4060 1229 4098 cum
1250 4044 1297 4098 iol.
1315 4038 1348 4109 93

222 4130 269 4185 ubi
286 4130 355 4186 liber
367 4130 400 4185 de
412 4132 524 4186 coloniis
536 4132 671 4187 florentini
683 4132 781 4188 codicis
793 4133 890 4203 incipit
902 4135 1005 4190 duobus
1019 4136 1104 4205 signis
1115 4136 1352 4208 (conjunguntur.
