2984 4667
1199 216 1233 266 69

146 387 229 453 datis
252 386 393 453 numeris
416 384 607 465 discrepant,
630 382 833 449 referendum
855 384 906 449 sit.
951 385 1041 463 Qvod
1063 404 1133 450 curn
1156 385 1202 451 ita
1217 387 1268 468 sit,

145 505 451 589 „supplementariae
473 509 507 569 et
528 504 668 586 reliquae
705 505 877 585 nationes“‚
901 522 980 585 qvae
1013 524 1110 587 supra
1131 506 1270 587 reliquas

143 628 327 691 retenturae
360 624 467 704 copies
499 624 644 703 tendunt,
667 628 702 687 ut
725 624 827 705 „omni
859 628 951 705 perte
984 623 1271 706 circumscriptae*

143 744 390 824 contineantur,“
412 744 459 807 ita
480 746 555 807 sunt
576 743 801 823 disponendae,
824 746 860 806 ut
881 744 964 823 qvod
986 743 1047 808 loci
1069 743 1145 807 illae
1160 743 1270 825 copiae

142 882 278 929 vacuum
291 864 482 945 relinquunt,
504 862 538 927 id
566 865 730 943 occupent.
774 862 854 928 'lum
877 880 954 927 sane
976 863 1108 927 tendere
1129 881 1192 926 non
1214 881 1272 943 po·

143 988 251 1049 terant
270 1002 329 1066 per
350 986 435 1048 tutas
469 982 639 1061 centurias,
671 984 754 1064 qvod
777 982 923 1047 cohortes
946 983 1108 1064 equitatae
1128 1000 1191 1046 non
1214 994 1273 1064 per

144 1103 267 1168 usitata
288 1102 487 1183 hemistrigiu
509 1100 696 1181 tendebant;
720 1121 760 1167 ex
781 1120 844 1182 qva
863 1120 899 1166 re
921 1105 1029 1167 tamen
1043 1102 1121 1166 mihi
1135 1119 1199 1166 non
1223 1120 1274 1167 se·

143 1224 196 1304 qvi
217 1223 354 1311 videtur,
376 1226 414 1287 ut
444 1222 591 1287 instituta
618 1222 741 1287 ratione
769 1222 927 1287 exercitus
950 1222 1073 1287 romani
1095 1190 1290 1287 carneum
1314 1171 1362 1261 τ

144 1304 489 1424 ffigiturapotest
511 1344 548 1405 ut
567 1342 688 1406 fuerint
709 1342 875 1423 „numeri“‚
891 1342 944 1423 qvi
959 1342 1159 1407 centuriatim
1182 1346 1274 1406 erant

147 1461 303 1526 instructi.
316 1460 354 1501 *⁹⁶
378 1462 447 1525 .De
480 1480 589 1527 eorum
617 1462 841 1527 distributione
874 1465 981 1527 monet
1013 1466 1124 1526 auctor
1156 1461 1272 1527 libelli:

118 1630 120 1634 .
148 1598 226 1661 „uon
259 1581 331 1662 plus
364 1597 457 1661 quern
484 1581 664 1662 tripertitae
675 1580 733 1617 *⁹⁵*
761 1598 832 1645 esse
854 1579 1016 1645 debebunt
1036 1598 1097 1645 nec
1115 1581 1274 1661 longeab

148 1699 321 1779 alterutris
355 1704 391 1763 ut
422 1700 551 1818 er
568 1704 723 1765 tesseram
751 1718 809 1764 seu
837 1699 992 1764 vocabula
1023 1699 1182 1764 citationis
1217 1705 1273 1764 au·

149 1818 263 1883 diant.“
276 1819 318 1900 ††
361 1818 421 1883 His
453 1819 559 1883 verbis
592 1819 671 1883 nihil
704 1818 901 1900 significatur
926 1819 989 1883 nisi
1012 1820 1095 1900 quod
1116 1836 1179 1883 non
1201 1819 1274 1899 plus
1312 1854 1342 1936 Y«
1382 1871 1386 1885 ,

149 1956 242 2019 qvam
264 1956 321 2019 per
343 1942 451 2003 ternas
473 1943 592 2019 partes,
614 1956 693 2019 qvas
714 1940 787 2004 viae
808 1939 981 2005 vicinariae
1004 1945 1038 2005 et
1059 1939 1274 2022 quaestorium
1357 1959 1363 1972 ·

148 2059 217 2123 sine
250 2059 346 2123 dubio
380 2057 569 2139 efficiebant,
593 2058 709 2139 singuli
736 2060 860 2123 numeri
883 2060 1093 2125 distribuendi
1116 2063 1216 2139 erant,
1239 2062 1276 2122 ut

149 2178 230 2243 bene
262 2180 506 2261 praeceptaiti
533 2178 584 2243 vel
606 2178 773 2243 citationes
795 2179 951 2244 audirent.
995 2179 1099 2261 Atqve
1120 2197 1196 2244 vero
1218 2179 1276 2241 tri-

147 2298 276 2378 pertitio
304 2296 451 2377 efficitur,
480 2298 508 2361 si
536 2297 722 2378 Cantabros
745 2298 952 2381 Palmyrenos
987 2303 1020 2364 et
1048 2299 1211 2364 Brittones
1233 2299 1276 2363 ai·

148 2417 249 2481 nistre
282 2422 459 2482 castrorum
492 2418 604 2497 latere,
637 2419 743 2483 Dacos
777 2424 885 2483 autem
918 2412 951 2485 et
988 2418 1124 2524 (letales
1162 2418 1275 2483 dextro
1328 2438 1418 2515 Q„

148 2538 308 2619 ponimus3
331 2539 484 2620 tripertiti
512 2541 595 2604 enim
627 2539 709 2603 liunt
730 2545 764 2604 et
784 2539 947 2605 Brittones
980 2544 1013 2605 ct
1043 2540 1133 2603 Daci.
1150 2574 1191 2585 -
1214 2536 1275 2602 Oa-

149 2658 241 2722 melis
273 2676 395 2741 qvoqve
428 2659 516 2724 locus
538 2659 571 2723 in
593 2663 758 2725 retentura
792 2660 1002 2741 assignandus
1030 2662 1109 2723 erat.
1153 2658 1276 2723 Tende·

149 2777 227 2841 bant
249 2778 332 2843 enim
354 2779 523 2843 secuudum
541 2780 601 2863 (sic
616 2780 684 2845 sine
701 2781 797 2845 dubio
813 2779 1014 2845 scribendum
1030 2783 1080 2843 est
1094 2778 1160 2842 vel:
1176 2776 1275 2858 intro)
1306 2740 1396 2871 ξὲἆ,
1430 2828 1436 2846 .

151 2898 381 2977 quaestorium
405 2900 462 2963 sed
481 2898 573 2979 juxte
588 2861 1007 2981 citissiffiripractentura
1023 2891 1115 2962 erant
1128 2895 1275 2977 ponendi,

269 3142 283 3172 *
301 3140 373 3194 Fieri
399 3142 496 3210 potest,
515 3144 547 3195 ut
572 3143 612 3196 ita
634 3156 690 3210 cap.
710 3144 743 3197 19
761 3140 889 3209 scriptum
906 3141 950 3194 sit.
985 3139 1106 3193 Retineri
1122 3142 1213 3193 umen
1229 3155 1276 3208 po·

150 3236 206 3288 test
223 3235 357 3304 scriptura
375 3236 485 3290 codicis:
504 3251 601 3305 „supra
618 3237 750 3305 scriptae“
768 3237 877 3305 propter
888 3236 965 3304 p'lss,
978 3238 1008 3299 63
1024 3236 1067 3299 82,
1085 3236 1114 3298 63
1132 3232 1276 3287 Aumliot.

150 3328 226 3383 Caes.
244 3331 279 3385 32
296 3329 450 3399 titulosque,
468 3333 499 3385 ut
515 3331 606 3385 Wilm.
625 3331 701 3390 1472,
718 3332 795 3386 2128.

257 3424 286 3455 **
306 3423 396 3477 Wilm.
416 3426 490 3480 1548.

236 3518 286 3551 ***
304 3516 417 3572 Defendi
444 3520 534 3586 polest
559 3518 645 3571 forms
661 3516 820 3580 masculina,
838 3516 862 3568 si
879 3515 914 3569 ad
931 3516 1031 3569 milites
1048 3515 1214 3584 singularum
1230 3531 1277 3568 na·

151 3610 253 3665 tionum
271 3611 383 3665 verbum
401 3628 560 3665 revocamus.

265 3706 350 3771 †clr.
369 3722 394 3774 p.
414 3708 454 3773 70,
476 3708 522 3761 14:
547 3706 660 3768 „uinos“
687 3721 736 3774 pro
759 3704 879 3768 ,‚bin0s“;
905 3720 932 3773 p.
949 3706 991 3767 66,
1010 3706 1050 3766 14,
1069 3702 1202 3766 ‚,ballum“
1228 3718 1277 3771 pro

152 3797 302 3864 ‚‚rallum.“
320 3798 414 3851 Potest
431 3799 512 3852 etiam
529 3803 585 3851 uuo
601 3798 692 3852 luisse.

237 3893 279 3961 ††
297 3892 337 3944 ita
354 3893 425 3945 recte
442 3892 499 3947 uod.
518 3895 551 3946 B.
569 3894 599 3945 a'n
615 3894 740 3959 meruius.

220 3986 282 4054 Τῇ
299 3985 365 4052 Veg.
384 3984 419 4050 ΙΙ,
430 3989 457 4041 7:
480 3989 597 4049 „tessera
611 3988 699 4041 autem
718 3963 817 4039 dicitur
833 3988 1002 4055 praeceptum
1020 3985 1095 4038 ducis
1113 3998 1164 4052 qro
1182 3982 1225 4036 vel
1242 3982 1277 4036 ad

153 4078 260 4148 aliquod
278 4095 344 4149 opus
362 4079 405 4133 vel
423 4078 457 4132 ad
474 4078 574 4133 bellum
591 4083 711 4134 movetur
729 4080 868 4133 exercitus.
