2984 4667
680 733 875 807 Praelatio.

309 935 398 1001 Haec
420 935 593 1015 disputatio
607 934 674 1015 jam
697 940 772 999 ante
797 939 965 999 exeuntem
985 952 1124 999 mensem
1141 933 1261 1015 MaJum
1277 934 1334 997 hu-

200 1055 254 1136 jus
278 1054 351 1119 anni
373 1054 514 1118 Berolini
536 1054 716 1133 germanice
745 1054 923 1134 conscripta
946 1059 1023 1118 crat.
1068 1054 1186 1119 Postea
1209 1072 1278 1119 earn
1301 1055 1334 1117 in

131 1154 137 1171 ⁴
206 1174 338 1238 latinum
367 1190 547 1237 sermonem
575 1173 766 1237 necessitate
794 1178 922 1236 coactus
949 1174 1089 1237 converti
1113 1178 1146 1237 et
1167 1174 1245 1238 locis
1268 1173 1334 1252 qvi-

206 1292 340 1357 busdam
363 1291 496 1370 correxi,
519 1291 577 1355 sed
599 1309 669 1356 cum
684 1309 725 1355 ne
739 1291 834 1355 unius
849 1291 974 1371 quidem
991 1291 1238 1372 ephemeridum,
1255 1302 1334 1371 qvae

206 1412 309 1493 spatio
344 1412 478 1491 quodam
506 1412 659 1492 temporis
686 1412 869 1476 intermisso
891 1412 924 1475 in
947 1411 1049 1476 lucem
1072 1414 1238 1492 prodeunt,
1262 1418 1335 1492 post

203 1529 284 1594 illud
317 1528 442 1610 tempus
476 1529 661 1594 facultatem
689 1528 856 1593 habuerim
885 1530 918 1592 in
953 1530 1103 1610 oppidulo
1131 1530 1270 1595 Fanniae
1293 1530 1333 1595 ab

206 1648 355 1713 omnibus
378 1647 477 1728 copiis
499 1647 665 1711 litterariis
688 1651 838 1727 remotus,
850 1646 920 1711 fieri
943 1653 1058 1728 potest,
1074 1653 1110 1712 ut
1129 1648 1239 1727 multa,
1254 1666 1334 1729 qvae

210 1766 242 1830 in
276 1765 336 1830 hac
370 1766 586 1847 disputatione
618 1766 832 1844 inveniuntur,
851 1766 917 1846 jam
947 1765 986 1830 ab
1010 1767 1082 1831 aliis
1102 1771 1240 1836 tractata
1261 1768 1334 1830 sint.

213 1885 313 1963 Qram
327 1903 394 1951 rem
406 1886 494 1949 nullo
507 1886 600 1971 modo
617 1886 737 1949 evitare
755 1885 854 1965 potui.
869 1921 906 1929 -
919 1886 1081 1967 Ingressio
1093 1887 1218 1967 longius
1230 1891 1336 1949 exten-

210 2021 256 2083 sa,
280 2004 496 2085 quamprimo
519 2003 596 2067 mihi
619 2020 847 2083 proposueram
868 2004 909 2067 ad
930 2022 996 2068 rem
1024 2005 1192 2068 maximam
1214 2008 1336 2084 partem

207 2122 335 2203 proprie
360 2139 423 2186 non
446 2123 593 2202 pertinet,
612 2122 669 2186 sed
687 2123 726 2186 de
749 2121 910 2188 codicibus
932 2123 1119 2202 qribusdam
1142 2123 1336 2203 agrimenso-

210 2240 266 2303 riis
289 2240 409 2320 aliqvid
431 2241 503 2304 novi
527 2258 598 2305 eam
620 2241 816 2320 prolaturam
840 2258 912 2304 esse
934 2258 1038 2321 spero.
1071 2241 1121 2304 Ad
1144 2240 1336 2321 disquisitio-

208 2376 280 2422 nem
303 2364 411 2423 autem
433 2359 534 2439 ipsam
558 2360 714 2423 edendam
735 2363 912 2423 commotus
927 2377 998 2423 snm
1012 2360 1181 2440 praecipue
1197 2359 1335 2423 editione

209 2476 372 2542 Guilielmi
408 2476 568 2556 Gemollii
601 2494 681 2557 qvae
714 2481 788 2557 post
809 2477 1005 2557 Langianam
1031 2478 1176 2557 proxima
1201 2482 1267 2541 tam
1290 2481 1336 2540 te-

210 2612 296 2660 mere
321 2601 354 2659 et
375 2596 532 2660 incuriose
556 2594 700 2660 confecta
722 2600 781 2674 est,
796 2595 814 2632 ⁹⁵
837 2600 882 2674 ut,
907 2596 933 2659 si
956 2595 1045 2659 nulla
1068 2600 1164 2673 esset,
1179 2597 1231 2660 vix
1253 2595 1336 2658 desi-

210 2714 353 2779 deraturi
386 2716 494 2779 simus.
540 2715 650 2795 ltaque
685 2714 794 2778 multis
827 2714 906 2778 locis
933 2714 1012 2778 nihil
1038 2714 1126 2778 aliud
1152 2714 1214 2778 nisi
1246 2714 1336 2777 nouis

211 2833 408 2913 argumentis
431 2832 625 2912 confirmavi,
638 2832 721 2913 qvod
734 2832 807 2912 ‘Jam
822 2833 931 2911 Lange
946 2832 1074 2911 egregie
1089 2831 1233 2911 protulit3
1258 2830 1337 2895 mul·

210 2952 252 3016 tis
280 2956 387 3015 autern
417 2952 510 3017 aliter
537 2952 577 3016 de
604 2952 700 3016 rebus
730 2951 887 3031 gravioris
910 2950 1061 3014 momenti
1083 2950 1209 3030 lougius
1231 2950 1339 3030 dispu-

210 3070 275 3133 tavi
304 3075 337 3133 et
365 3072 462 3134 verba
495 3070 734 3150 corruptissima
768 3069 867 3134 libelli
901 3068 1071 3133 emendare
1098 3072 1230 3132 conatus
1257 3086 1336 3131 surn.

212 3186 347 3253 Larisae
369 3189 400 3252 iu
423 3188 544 3254 Fannia
567 3188 662 3277 duit>
685 3206 784 3253 mens.
807 3188 888 3268 Aug.
914 3187 1005 3251 1881.

313 3392 329 3425 *
357 3390 397 3443 Ne
421 3390 533 3456 „indici“
552 3388 655 3458 quidem
683 3389 739 3459 ejus
766 3387 896 3443 confidere
922 3404 1068 3457 possumus,
1085 3389 1117 3440 nt
1138 3386 1234 3441 docent
1258 3386 1338 3439 verba

214 3499 280 3551 qvae
298 3483 335 3537 ibi
345 3486 463 3553 fortuito
482 3499 533 3536 non
552 3483 651 3536 iuveni:
671 3483 771 3551 accipit
787 3482 867 3551 pedes
885 3484 927 3546 30,
945 3484 991 3544 223
1010 3480 1108 3549 accipit
1126 3472 1283 3550 pedaturam
1302 3483 1335 3535 27

214 3579 260 3639 19;
280 3576 452 3630 dexteriorem
470 3579 511 3640 23,
529 3578 577 3639 253
595 3576 770 3629 dictationem
787 3577 829 3638 24,
850 3578 894 3638 12;
912 3575 935 3628 si
954 3591 995 3628 res
1014 3574 1109 3641 exiget,
1127 3576 1168 3637 21,
1187 3578 1217 3639 83
1235 3572 1337 3626 comiti·

213 3668 261 3722 bus
280 3669 449 3737 imperatoris
467 3671 550 3722 nostri
569 3672 612 3732 30,
631 3671 676 3731 ro,
695 3668 767 3721 intra
785 3670 886 3731 24,10;
906 3666 972 3735 qvod
992 3686 1048 3719 cam
1065 3666 1232 3734 conjunctivo
1246 3668 1287 3728 23,
1301 3669 1338 3728 16;

212 3762 254 3820 22,
274 3764 302 3823 1,
321 3762 510 3815 sinisteriorem
528 3765 570 3825 24,
589 3766 612 3817 1.
648 3761 713 3814 uum
732 3760 814 3813 verba
831 3760 859 3812 in
878 3760 1029 3827 conjectura
1046 3758 1135 3827 posita
1153 3759 1274 3812 omittere
1293 3774 1338 3810 no·

213 3854 304 3916 luisse,
323 3845 421 3923 probat
437 3856 529 3908 infelix
547 3870 608 3908 vox:
627 3853 750 3907 nonnulli
768 3856 806 3920 (p.
824 3855 871 3919 45)
889 3852 1017 3919 aliaeqre.
