2984 4667
247 248 272 281 l
752 175 1125 314 's'

209 400 276 481 jam
304 400 392 480 prius
420 397 536 461 tertiae
559 395 671 461 classis
697 394 823 459 codices
845 393 878 455 in
900 390 1047 457 manibus
1068 391 1210 455 virorum
1232 390 1340 454 docto-

212 536 283 583 rum
318 534 389 582 esse
422 520 603 597 potuerunt.
650 514 740 591 Qvod
767 512 845 577 mihi
873 530 911 575 ea
938 529 973 575 re
1002 508 1183 575 confirmari
1205 507 1339 589 videtur,

213 637 298 717 qvod
319 635 550 700 Volaterranus
574 633 675 698 codici
699 632 815 696 tertiae
837 629 961 708 classis,
983 646 1076 709 qvem
1089 625 1340 731 Μ·

199 759 428 859 W,
458 752 673 833 significanter
700 751 842 817 codicem
870 748 1066 813 arcerianum
1092 746 1340 827 ,1000111101-

211 875 296 939 tum“
325 872 493 955 opponit*
540 870 764 935 Certissimum
791 873 898 933 autem
921 871 979 946 est,
1001 866 1246 930 Volaterranum
1269 882 1339 930 cum

214 1010 293 1073 opus
322 1010 413 1056 suum
442 992 481 1055 de
509 990 587 1054 urbe
618 990 721 1053 Roma
747 1004 830 1051 anno
856 986 937 1051 1506
960 984 1079 1062 ederet,
1112 983 1193 1047 duos
1215 982 1340 1048 codices

213 1110 411 1176 diversarum
445 1110 594 1174 classium
628 1107 821 1174 adhibuisse.
876 1084 1008 1170 Contra*
1027 1103 1187 1167 Blumium
1219 1101 1340 1181 primus

213 1229 392 1293 Mommsen
405 1232 442 1269 **
471 1233 621 1309 excerpta
649 1188 854 1327 Vol‘pterrani
883 1243 900 1287 e
930 1224 1030 1304 Nipso
1058 1226 1091 1286 et
1116 1221 1270 1285 Frontino
1297 1221 1341 1293 (in

212 1348 373 1411 tricesimo
397 1346 495 1430 libro)
519 1346 667 1428 probavit
690 1364 707 1410 e
730 1344 838 1410 codice
854 1343 970 1409 tertiae
986 1341 1099 1407 classis
1115 1344 1242 1421 sumpta
1259 1356 1340 1404 esse.

212 1464 335 1529 Verba:
370 1467 438 1547 „qvi
467 1483 595 1529 cursum
622 1464 700 1528 solis
731 1462 856 1544 sequuti
884 1461 973 1525 sunt“
996 1462 1040 1541 (p.
1063 1458 1137 1540 248,
1160 1458 1195 1541 8)
1218 1461 1251 1522 et
1273 1458 1342 1541 „qvi

214 1602 342 1649 cursum
372 1585 467 1648 lunae
495 1583 596 1650 secuti
627 1584 717 1648 sunt“
746 1586 792 1664 (p.
816 1582 888 1661 248,
920 1583 984 1659 11),
1012 1597 1092 1660 qvae
1114 1595 1177 1641 non
1199 1577 1232 1641 in
1254 1595 1341 1643 arce·

213 1701 303 1765 riano
326 1702 444 1780 codice,
468 1701 579 1765 sedin
602 1699 774 1765 erlurtensi
797 1698 1077 1811 ἥψω
1098 1698 1167 1789 sine
1189 1696 1285 1760 dubio
1307 1697 1339 1761 in
1372 1713 1390 1789 j

1088 1789 1253 1811 Μὴ·

213 1818 382 1885 florentino
405 1838 527 1901 qvoqve
549 1820 668 1899 insunt,
693 1820 734 1883 ed
752 1820 833 1883 illud
850 1818 1048 1900 probandum
1063 1818 1158 1899 plane
1169 1815 1338 1881 sufficiunt

212 1938 272 2002 Est
304 1943 411 2003 autem
444 1940 478 2003 id
511 1957 635 2021 qvoque
650 1954 652 1958 ·
669 1940 894 2018 certissimum,
921 1939 1167 2003 Volaterranum
1199 1937 1339 2002 codicem

213 2059 411 2123 arcerianum
440 2059 480 2123 ad
511 2059 599 2123 locos
630 2059 732 2123 libelli
761 2059 801 2124 de
823 2057 1051 2123 munitionibus
1073 2062 1250 2123 castrorum
1272 2057 1340 2121 lau·

213 2176 335 2241 dandos
369 2177 633 2242 adhibuisse.***
692 2180 739 2243 Ac
765 2197 823 2259 per
851 2197 886 2243 se
916 2183 1162 2242 consentaneum
1190 2182 1240 2242 est
1267 2196 1339 2243 eum

212 2314 270 2377 per
292 2296 482 2376 municipem
505 2314 597 2362 suum
620 2298 850 2379 Inghiramium
871 2316 973 2379 nuper
994 2298 1128 2361 Romam
1149 2296 1265 2362 invecti
1288 2314 1338 2362 co·
1370 2373 1372 2376 ¹
1419 2334 1432 2357 .

211 2416 291 2480 dicis
318 2416 465 2479 notitiam
494 2416 655 2482 habuisse.
700 2418 743 2482 Et
770 2422 856 2481 certe
880 2434 962 2480 anno
987 2416 1070 2480 1506
1093 2416 1175 2481 hunc
1197 2416 1338 2481 codicem

212 2538 351 2603 nondum
375 2538 491 2603 Golotii
514 2537 624 2617 inisse,
648 2538 853 2603 manifestum
875 2559 893 2605 e
915 2540 1022 2603 verbis
1044 2536 1131 2631 illius
1152 2538 1230 2603 mihi
1251 2540 1337 2605 vide·

209 2663 270 2722 tur.
316 2658 398 2722 Nam
421 2652 589 2738 postquam
618 2657 710 2722 dixit:
750 2658 806 2741 ,10
829 2660 943 2723 castris
965 2664 1073 2724 autem
1094 2659 1251 2723 metandis
1272 2658 1338 2741 Hy·

210 2776 303 2857 ginus
326 2777 472 2842 libellum
495 2777 596 2842 edidit
618 2796 719 2859 nuper
741 2777 914 2857 inventurn,
938 2796 1029 2859 qvem
1051 2779 1260 2859 gromaticum
1282 2796 1337 2859 ap-

210 2896 352 2976 pellavit.
396 2897 457 2961 Est
490 2896 573 2961 enim
610 2915 731 2977 gromn,
765 2902 800 2960 ut
832 2898 968 2978 ipsemet
995 2898 1028 2961 in
1056 2899 1167 2963 eodem
1195 2898 1338 2963 declarat

209 3050 414 3060 ----

342 3152 397 3203 *1.
416 3150 518 3218 Blnmc‚
542 3149 708 3204 Feldmesser
730 3150 766 3211 11.
791 3152 824 3206 12
846 3152 902 3203 not.
921 3152 955 3206 15
972 3152 999 3203 01
1016 3150 1172 3219 praesertim
1189 3150 1253 3204 edit.
1272 3150 1337 3205 Tur·

208 3242 269 3297 nebi
288 3243 381 3323 agrim.
401 3243 464 3295 anni
483 3245 550 3299 1554
568 3242 682 3311 append.
699 3245 853 3323 pil—19·

195 3310 858 3403 ffurpgffiffiffpsffim

310 3431 354 3461 *¹⁸¹*
372 3428 408 3482 Hi
432 3430 484 3483 loci
502 3446 555 3483 non
572 3429 651 3483 modo
669 3430 697 3483 in
717 3433 791 3484 sexto
809 3429 918 3497 decimo,
940 3433 972 3483 nt
990 3430 1056 3484 dicit
1072 3430 1167 3485 Blume
1189 3431 1335 3498 (101111100-

207 3539 248 3576 ser
266 3522 300 3591 ll,
322 3526 427 3587 121101.
446 3527 488 3601 11)
507 3523 552 3577 sed
572 3524 655 3577 etiarn
673 3524 700 3576 in
719 3522 853 3577 tricesimo
871 3523 940 3577 libro
958 3522 1079 3577 0001100
1097 3540 1197 3592 „nuper
1208 3525 1334 3579 1111011101ι

207 3616 308 3683 sumpti
327 3620 515 3685 memorantur,
533 3634 557 3671 v.
576 3617 694 3671 Turnebi
712 3633 728 3671 a
844 3634 870 3684 p.
888 3617 915 3680 1.‚
934 3632 1011 3685 qvam
1029 3617 1123 3671 Blnme
1140 3633 1248 3685 prorsus
1257 3618 1334 3687 igno-

206 3725 279 3762 rasse
301 3710 415 3771 videtnr,
437 3714 469 3762 nt
491 3710 544 3763 loci
566 3711 627 3771 dno,
651 3709 699 3763 Fel
719 3692 818 3763 messer
836 3710 871 3773 11,
896 3713 936 3777 15,
964 3709 1010 3763 nbi
1028 3726 1069 3762 res
1087 3701 1217 3764 allatuin
1235 3727 1333 3779 appeu-

206 3801 291 3855 dicem
317 3819 368 3856 non
397 3803 517 3871 quadrat,
545 3805 573 3856 et
596 3820 622 3871 p.
646 3805 680 3859 20
702 3806 758 3856 not.
781 3802 940 3859 25100011.
976 3803 1066 3856 Etiam
1087 3802 1250 3857 Mommseno
1268 3804 1333 3858 baec

206 3896 340 3964 appendix
365 3896 459 3964 ignota
485 3899 553 3963 erat,
584 3900 616 3949 ut
630 3913 657 3949 ·e
683 3896 771 3951 verbis
798 3895 854 3966 ejus
886 3896 1064 3965 (Feldmesser
1089 3896 1117 3950 lI
1143 3899 1205 3964 215)
1232 3898 1334 3967 perspi-

204 4004 285 4041 cuum
311 3992 360 4043 est.

339 4087 357 4146 †
377 4082 514 4137 Turnebus
533 4099 594 4152 app.
612 4100 639 4151 p.
657 4087 698 4141 18.
