2984 4667
222 192 256 240 46

187 361 353 440 immiscet
375 359 445 430 fiori
467 365 584 441 potest,
606 366 643 424 ut
665 360 838 425 secundum
868 360 1130 440 agrimensorium
1160 361 1316 426 rationem

76 451 80 461 ¹
188 479 368 544 accuratius
412 483 523 544 contra
564 479 702 559 primum
746 495 837 541 usum
877 475 1128 557 constituerim*
1175 485 1319 544 cetcmm.

185 597 304 678 Hygini
339 596 438 662 verba
466 614 538 662 esse
569 596 648 661 nihil
675 577 737 662 nisi
765 596 959 661 Lachmanni
972 634 975 642 ·
989 598 1162 662 auctoritas
1190 599 1317 678 probat.

186 734 266 797 qvae
289 716 440 780 hocloco
470 716 543 796 jnre
571 715 701 796 infringi
729 720 846 796 potest.
860 718 896 756 ’¹⁰¹‘
945 701 1200 796 Marqvardt***
1235 717 1317 782 duas

185 835 259 901 illas
293 833 494 901 definitiones
521 834 675 899 confudit.
720 834 811 911 Qvod
833 839 939 899 autem
968 836 1000 898 in
1028 834 1138 899 libello
1167 841 1314 928 praeten-

186 929 278 1019 turae
300 971 422 1034 qvoqve
444 953 606 1035 copiarum
631 954 702 1018 loca
725 955 845 1034 strigae
872 954 1083 1035 appellantur,
1106 954 1184 1018 haec
1207 953 1320 1035 appel

186 1075 264 1139 latio
287 1091 327 1138 ex
349 1073 497 1154 analogia
524 1073 718 1153 reliquarum
744 1073 906 1153 copiarum
936 1073 1121 1136 deducenda
1148 1078 1254 1137 estet
1276 1073 1316 1136 ab

187 1211 225 1258 eo
254 1193 383 1261 minime
410 1193 572 1271 abhorret,
600 1193 684 1273 qvod
711 1167 890 1272 posteriore
923 1193 1050 1256 demum
1081 1197 1226 1272 ternpore
1253 1210 1321 1256 non.

144 1300 149 1308 ’
186 1312 299 1376 cohors
328 1311 500 1392 praetoria,
527 1313 584 1376 sed
611 1329 706 1375 verae
733 1312 843 1392 copiae
870 1312 916 1375 ibi
943 1310 1256 1375 collocabantur.·-
1278 1311 1319 1373 In

184 1430 244 1495 hac
269 1431 468 1512 expositione
490 1431 583 1511 posui
605 1429 721 1510 strigas
744 1435 778 1494 et
805 1447 932 1494 scamna
962 1434 1138 1493 castrorum
1162 1429 1230 1510 jam
1253 1431 1322 1512 pri*

187 1549 278 1612 stiuis
311 1549 420 1630 populi
449 1548 572 1611 romani
598 1537 796 1628 temporibus
824 1553 978 1633 usurpata
1006 1565 1091 1611 asso¹
1138 1547 1207 1613 Hoc
1240 1566 1320 1612 vero

188 1687 205 1731 e
231 1667 345 1731 castris
367 1666 494 1748 Polybii
521 1670 663 1747 apparet,
693 1665 747 1730 ubi
776 1671 862 1732 certe
896 1667 1015 1746 strigae
1051 1667 1168 1749 (ῥῦμαι)
1198 1685 1317 1730 memo-

187 1791 307 1851 rantur.
351 1785 432 1850 Mihi
456 1786 539 1850 enim
562 1785 648 1850 hand
682 1785 811 1850 dubium
848 1785 985 1865 videtur,
1015 1785 1088 1866 qvin
1117 1785 1195 1869 ῥὺμη
1231 1786 1315 1866 apud

185 1904 353 1987 Polybium
375 1909 408 1970 et
422 1905 442 1969 J
444 1905 607 1986 osephum‚
629 1905 749 1985 quires
765 1909 945 1990 castrenses
962 1904 1178 1968 Romanorum
1202 1922 1320 1984 graece

186 2026 434 2106 descripserunt,
463 2025 596 2105 strigam
619 2025 791 2106 significet,
824 2042 1014 2106 quamquam
1048 2043 1124 2088 sane
1159 2023 1319 2106 Schweig-

184 2145 354 2224 haeuser†
388 2149 421 2208 et
452 2143 575 2208 chnze
589 2145 631 2224 Γ(
664 2149 713 2214 et,
735 2143 898 2208 Charisius
916 2144 980 2223 †††
1007 2143 1067 2206 hoc
1088 2143 1220 2207 verbum
1257 2161 1317 2224 pro

186 2265 363 2326 castrorum
399 2261 459 2324 viis
497 2260 664 2340 accipiunt.
708 2261 864 2340 Equidem
902 2278 964 2324 non
1003 2233 1084 2340 nego
1118 2260 1203 2340 apud
1236 2260 1320 2323 alios

188 2380 360 2460 scriptores
381 2397 514 2460 graccos
538 2375 616 2464 ῥύμη
632 2378 765 2445 verbum
781 2379 921 2460 plateam
937 2379 987 2444 vel
1006 2379 1088 2442 viam
1108 2376 1320 2460 significare}

303 2583 320 2615 *
339 2580 750 2650 cfr.1cronc.p.na‚n;314;
770 2582 822 2633 Sic.
841 2581 929 2634 Flacc.
948 2599 973 2649 p.
993 2584 1050 2644 153,
1071 2585 1110 2637 11.

287 2676 316 2705 *¹*
335 2674 388 2728 cfr.
414 2673 580 2729 Fcldmcsser
604 2675 879 2741 11,130(„onuau“).
914 2673 1014 2742 Nipsns
1033 2679 1068 2744 (p.
1086 2677 1147 2738 293)
1165 2674 1235 2727 nihil
1253 2675 1317 2727 nisi-

185 2783 279 2836 agrum
297 2768 388 2835 aequis
410 2767 542 2821 lateribus
566 2767 724 2836 quadratum
743 2771 769 2821 et
788 2767 895 2835 quadris
909 2763 1038 2835 ¹oblongis
1057 2767 1172 2820 divisum
1190 2761 1318 2820 discernit

186 2861 214 2912 et
231 2864 370 2929 comparat
387 2870 506 2930 (prorsus
522 2877 576 2914 nou
594 2877 686 2929 agrum
704 2861 848 2929 strigatunr
874 2861 995 2914 nominat
1022 2860 1068 2914 cfr.
1087 2863 1145 2923 293,
1165 2863 1198 2916 15
1216 2877 1272 2928 squ.
1291 2862 1318 2913 et

185 2955 244 3017 207,
264 2957 303 3021 6)·,
323 2955 404 3008 verba
422 2955 466 3022 „in
484 2954 693 3024 longitudincm”
710 2959 738 3008 et
757 2955 799 3022 „in
818 2954 1005 3008 latitudinem“
1025 2954 1059 3008 ad
1077 2954 1274 3022 longitudinem
1291 2955 1318 3006 et

185 3047 357 3102 latitudinem
380 3049 503 3114 ooloeyae
524 3049 641 3116 quocirca
658 3050 770 3116 spectat.
806 3047 878 3101 Haec
897 3051 989 3102 contra
1007 3047 1151 3126 Nissenum
1169 3046 1323 3116 (Templum

184 3157 210 3208 p.
227 3143 263 3197 20
279 3144 337 3208 not)
356 3141 490 3195 adnotavi.

85 3231 97 3250 ³
274 3235 325 3270 ***
345 3237 464 3288 staatsv.
482 3233 516 3297 H,
536 3236 701 3323 m

305 3334 324 3392 †
346 3329 408 3381 Lex.
427 3327 515 3396 polyb.
534 3343 556 3381 s.
574 3343 598 3381 v.
616 3325 708 3399 ιρὺμηε
729 3329 804 3397 „viae
821 3329 850 3382 in
868 3329 987 3382 castris.“

286 3428 326 3487 Η
344 3423 363 3475 l.
381 3422 399 3474 l.
418 3437 444 3488 p.
464 3423 522 3475 116.

266 3521 327 3581 †††
345 3530 468 3584 perverse
488 3513 604 3582 qvidem,
621 3531 645 3567 v.
664 3517 755 3583 Lange
773 3515 806 3568 ad
824 3514 893 3584 Hyg.
912 3532 938 3584 p.
958 3518 1015 3572 108.

308 3613 322 3676 ξ
339 3608 378 3662 Ut
395 3608 463 3661 dixit
472 3605 647 3677 Phrynichus,
666 3607 730 3675 „ilos
749 3612 776 3661 et
793 3609 873 3662 robur
892 3609 1102 3670 Atticistarum“‚
1125 3612 1213 3662 aetate
1230 3609 1316 3662 Marci

184 3702 289 3756 Aurelii
307 3706 335 3756 ct
352 3701 503 3756 Commodi:
521 3700 618 3772 Ῥὺμηε
645 3703 686 3754 καὶ
704 3707 779 3753 τοῦτο
798 3702 820 3753 oi
838 3703 883 3772 μὲν
902 3700 1031 3772 Ἀθηναῖοι
1050 3703 1087 3754 ἐπὶ
1105 3707 1150 3773 τῆς
1168 3703 1246 3772 ὁρμῆς
1265 3704 1315 3754 ἐπί-

185 3797 268 3851 θεσαν·
288 3796 310 3848 oi
328 3796 354 3848 δὲ
372 3801 416 3846 νῦν
444 3794 548 3865 ἀμαθεῖς
566 3796 604 3846 ἐπὶ
625 3801 669 3846 τοῦ
689 3800 824 3847 στενωποῦ·
848 3796 916 3848 δοκεῖ
932 3796 958 3848 δέ
976 3815 1018 3864 μοι
1035 3797 1076 3848 καὶ
1094 3800 1168 3874 coito
1188 3796 1316 3864 μακεδονι-

183 3891 230 3944 κὸν
249 3891 317 3943 eluar.
354 3889 409 3944 Cir.
435 3889 548 3953 Bethar,
568 3889 690 3968 Antia&
710 3907 736 3957 p.
764 3893 827 3953 113;
854 3889 1011 3944 Sahal-Oi.
1031 3893 1072 3954 13,
1092 3892 1141 3946 195
1160 3889 1272 3955 (Buttm.
1289 3904 1318 3958 p.

184 3987 260 4051 427);
279 3984 347 4037 Poll.
367 3981 413 4047 IX,
431 3985 478 4044 383
495 3982 595 4036 Matth.
615 3982 662 4046 VI,
680 3985 709 4046 2;
728 3983 787 4036 Act.
807 3987 893 4051 apost.
912 3982 959 4046 IX,
978 3982 1163 4047 113X11‚10;
1183 3983 1269 4047 Stura,
1283 3981 1316 4036 dc

185 4076 250 4131 dial.
269 4076 371 4131 Maced.
389 4090 416 4143 p.
435 4078 481 4137 293
499 4074 653 4128 Dicaearch.
671 4075 722 4143 βίος
739 4071 809 4128 Ἑλλ.
829 4075 869 4128 cd.
889 4075 963 4128 Fuhr
980 4092 1005 4144 p,
1025 4079 1084 4140 140,
1104 4078 1161 4132 143.
