2984 4667
1202 181 1235 228 49

137 351 227 415 enim
249 349 419 430 manipulis
441 349 482 411 ad
505 349 614 412 decem
637 348 784 412 cohortes
810 347 981 411 contractis
1010 348 1056 429 tin
1078 365 1139 426 qva
1155 365 1195 428 re
1218 366 1270 411 ex·

141 468 292 549 ponenda
323 468 509 546 Marqvardt
537 466 727 530 sententiam
755 465 909 529 Riistowii
936 471 1064 529 secutus
1093 473 1151 545 est,
1180 466 1271 547 cujus

77 554 83 564 ι
141 587 316 651 multarum
344 586 503 648 rationum
530 604 570 650 ne
598 603 662 647 una
688 585 815 664 qvidem
842 590 930 649 certa
958 586 1172 669 estmontra
1202 604 1270 650 om-

140 724 209 784 nes,
232 711 268 769 ut
290 710 377 768 recte
401 702 499 768 Gtiler
521 705 652 785 monuit,
682 704 751 768 loco
780 704 862 768 Livii
877 704 1103 806 ww·
1130 705 1271 771 refutan-

139 824 208 905 tur)
232 860 272 869 -
295 822 433 887 fortasse
456 824 551 887 etiam
566 824 656 904 prius
679 824 775 885 —in
797 824 901 904 prima
922 825 989 888 acie
1011 825 1149 889 usitatae
1170 825 1272 906 tripli-

140 945 189 1006 cis
222 941 302 1005 aciei
337 940 503 1004 fortissimi
531 940 679 1005 milites*
706 943 915 1022 ponebantur,
938 944 990 1022 qvi
1016 942 1057 1006 ad
1086 944 1272 1008 audaciores

141 1065 276 1125 conatus
299 1059 532 1151 adhibebantur
549 1061 597 1140 (ut
620 1058 700 1125 Caes
723 1058 760 1123 B.
784 1058 818 1123 Ο.
842 1060 868 1139 Ι,
890 1060 964 1140 43);
986 1061 1020 1124 in
1041 1062 1272 1140 posterioribus

141 1184 250 1243 autem
273 1180 402 1242 breues.
446 1177 548 1243 Nemo
572 1185 621 1243 est
642 1179 695 1258 qvi
723 1196 786 1241 non
811 1180 921 1243 videat
946 1178 1006 1242 hoc
1033 1180 1128 1243 modo
1155 1180 1272 1244 Riisto·

143 1297 237 1361 nium
262 1297 301 1359 de
323 1296 373 1374 iis,
397 1314 476 1375 qvae
499 1314 596 1377 supra
618 1296 721 1374 attuli,
745 1296 924 1360 rectissime
943 1296 1123 1376 disputasse
1150 1304 1182 1361 et
1204 1316 1272 1362 rem

143 1416 270 1481 omnino
292 1416 338 1480 ita
360 1434 396 1479 se
416 1414 546 1496 habere,
568 1422 614 1495 ut²
637 1433 707 1480 cum
736 1416 866 1479 cohorte
893 1417 997 1495 prima
1024 1414 1190 1481 fortissimi
1211 1419 1272 1482 viri
1321 1406 1346 1516 ἶ

143 1535 392 1613 continerentur,
428 1553 538 1599 omnes
564 1536 596 1599 in
625 1553 695 1599 eam
724 1534 823 1615 recipi
855 1535 1024 1599 voluerint.
1069 1534 1210 1611 Quacum
1236 1555 1271 1600 re
1329 1561 1341 1587 ι

145 1654 265 1734 optime
288 1653 447 1717 consentit
464 1653 547 1733 qvod
564 1655 602 1717 A.
639 1652 810 1717 Mdllerll
832 1659 866 1718 et
877 1652 1056 1717 Mommsen
1066 1652 1124 1690 Ν
1147 1655 1185 1718 de
1200 1672 1272 1735 gra·

143 1771 238 1835 dibus
261 1772 480 1835 centurionum
508 1778 732 1850 exposuerunt.
777 1770 859 1835 Nam
888 1771 1034 1835 omnibus
1060 1777 1159 1851 patet,
1186 1779 1272 1837 vete·

142 1891 229 1954 ranis
252 1890 406 1954 militibus
430 1908 500 1953 esse
522 1890 722 1970 praepositos
751 1876 853 1969 magis
882 1896 1042 1970 spectatos
1065 1896 1098 1953 et
1119 1891 1271 1970 probatos
1353 1964 1357 1979 Σ

141 2010 354 2089 centuriones,
388 2008 545 2072 tironibus
572 2008 703 2087 tirones,
731 2014 768 2072 ut
796 2008 909 2089 optimi
936 2013 1043 2071 essent
1070 2008 1271 2073 centuriones

142 2119 317 2207 prinnlbim
340 2128 486 2192 ordinum
509 2128 710 2192 centuriones
732 2127 783 2189 vel
807 2127 918 2207 „primi
941 2125 1086 2190 ordines“
1105 2126 1218 2200 (etiam
1238 2128 1271 2191 in

141 2245 237 2310 titulo
262 2244 296 2309 Ο.
313 2246 400 2326 VIII,
424 2248 508 2311 3532
534 2269 569 2303 τ.
594 2246 673 2311 Ren.
698 2248 728 2310 ὁ.
754 2268 791 2303 :
822 2246 919 2309 Wilm
951 2245 1134 2325 13191111
1160 2251 1271 2324 quarto

141 2365 272 2431 saeculo
296 2367 480 2447 ordinarii†
502 2369 522 2431 i.
546 2384 573 2431 e.
596 2364 659 2428 κατ’
685 2365 791 2449 ἐξοχὴν
815 2368 967 2431 ordinarii
994 2367 1045 2431 vel
1062 2383 1140 2446 prae
1157 2368 1272 2430 ceteris

144 2484 285 2549 ordinati
306 2484 559 2565 appellabantur.
604 2484 693 2549 Hanc
717 2504 785 2549 rem
807 2503 869 2548 non
887 2486 991 2548 minus
1009 2484 1077 2549 fere
1094 2502 1187 2564 qvam
1206 2502 1272 2548 om·

144 2604 200 2665 nia
223 2622 312 2683 orae
341 2602 546 2667 enucleamnt
572 2603 691 2667 Miiller
725 2610 758 2667 et
782 2603 961 2667 Mommsen
976 2602 1160 2666 confirmat
1191 2621 1273 2667 nnus

78 2730 110 2788 Υ
146 2721 280 2813 Αηὶαυὶ
301 2722 400 2801 locus,
419 2738 510 2801 qvem
533 2710 571 2785 et
580 2722 629 2786 illi
647 2729 681 2786 et
693 2722 882 2801 Marqvardt
896 2722 1094 2802 ignoravisse
1110 2723 1272 2787 videntur:

94 2898 96 2901 .
146 2839 174 2901 οἱ
195 2840 358 2923 χιλιάρχαι,
381 2839 423 2907 οἷς
445 2838 589 2917 τέτακται,
611 2841 660 2902 καὶ
686 2840 908 2922 ἑκατοντάρχαι,
936 2838 963 2901 οἱ
984 2844 1036 2922 τῆς
1057 2842 1176 2923 πρώτης
1197 2842 1273 2903 σπεί-

150 2981 203 3043 ρας-
225 2959 374 3021 ἐπιστάται
384 2961 435 3041 ††.
481 2958 548 3037 Qvo
576 2965 719 3041 tempore
746 2960 850 3041 prima
876 2959 990 3023 cohors
1015 2960 1048 3022 in
1071 2960 1180 3025 decem
1202 2978 1274 3026 cen·

147 3080 258 3157 turias,
282 3077 395 3158 quibus
418 3079 533 3143 summi
554 3084 725 3159 praeerant
755 3080 889 3159 qvinqve
912 3079 1023 3159 „primi
1050 3079 1205 3159 ordines“‚
1228 3082 1274 3144 di-

266 3283 282 3316 *
300 3280 344 3333 Ita
370 3280 427 3333 sine
446 3279 526 3334 dubio
545 3280 626 3334 etiam
644 3279 674 3334 O.
692 3280 727 3345 II,
745 3283 814 3336 2532
841 3280 962 3349 intellegi
988 3279 1068 3333 debet
1086 3283 1112 3333 et
1135 3280 1182 3333 alii
1199 3282 1273 3335 tituli

147 3374 256 3427 simil'es.
359 3383 362 3389 '

250 3472 283 3506 *⁴*
302 3470 400 3523 Philol.
420 3485 443 3521 a.
463 3470 529 3524 1879
547 3484 573 3536 p.
593 3470 643 3523 126
661 3483 700 3535 sq.
1300 3518 1306 3531 ¹

235 3566 286 3599 ***
305 3564 414 3632 Ephem.
434 3543 549 3629 affl
559 3563 611 3617 230
630 3576 669 3629 sq.
705 3562 833 3629 Apertum
860 3564 949 3613 tamen
976 3564 1016 3613 est
1034 3558 1190 3613 Mommseni
1217 3576 1274 3614 sen-

147 3662 261 3715 tentiam
280 3659 312 3712 de
330 3657 512 3711 centurionum
530 3655 657 3723 gradibus
675 3655 789 3724 legionis
802 3654 977 3723 manipularis
991 3652 1085 3706 falsam
1099 3668 1169 3717 esse3
1186 3669 1296 3718 verum,

147 3754 260 3824 praebet
282 3752 500 3828 Millerffl.
1013 3733 1016 3737 ’

234 3836 288 3921 sl
309 3845 403 3899 Scribo
421 3843 487 3913 Veg.
506 3843 540 3911 11,
559 3848 574 3901 7
592 3862 618 3914 p.
636 3847 678 3904 39,
695 3830 741 3899 21:
764 3842 891 3895 ordinarii
918 3841 1051 3905 dicuutur,
1069 3841 1113 3909 qvi
1130 3842 1159 3894 in
1175 3840 1275 3909 proelio

148 3942 193 4009 qvi
211 3941 291 4010 primi
309 3944 372 3993 sunt
391 3939 496 3993 ordines
514 3938 615 3993 ducunt
633 3938 688 4004 (cir.
706 3954 732 4006 p.
751 3939 793 3999 39,
809 3938 863 4002 22).

14 4037 82 4115 alm
96 4018 218 4115 «(4111ίῖ
252 4038 293 4099 ††
311 4025 460 4113 (ἕρ-11131.
478 4049 500 4086 c.
518 4036 543 4089 5.
561 4032 596 4085 H.
623 4031 791 4085 Addiderunt
801 4043 922 4099 perverse
940 4034 1003 4083 ante
1023 4030 1199 4099 ἑκατοντάρχαι
1211 4028 1276 4083 Her-
