2984 4667
1219 224 1253 260 IV

158 389 231 436 cum
258 372 392 437 Euclide
420 376 453 437 et
479 372 592 437 Boetio
620 373 764 454 haberet,
790 375 851 439 boc
871 376 977 455 ipsum
999 375 1212 458 fragmentum
1237 377 1287 460 (p.

156 490 231 568 373,
255 490 413 569 20—376,
440 492 478 555 13
499 490 574 571 L)in
593 495 733 557 extremo
752 462 860 558 codice
877 512 935 558 suo
951 495 1110 575 integrum
1133 514 1190 576 ,ex
1200 496 1285 560 libro

159 608 296 688 quodam
320 609 535 689 manuscripto
569 611 690 674 recenti
723 612 896 677 cardinalis
930 612 1133 694 Carpensis“!
1175 615 1286 678 Nihilo
1339 641 1341 643 ’

156 727 260 791 minus
294 727 367 791 aliis
400 729 522 793 caussis
555 729 705 809 adducor,
738 735 775 794 ut
805 730 934 795 Metelli
969 733 1132 813 exemplar
1165 734 1285 797 codicis

155 845 286 911 Zanchii
302 846 461 926 integrum
483 848 606 911 nullum
628 848 727 914 fuisse
751 850 895 929 credam3
918 851 1239 931 praeterquamquod
1255 852 1286 915 is

70 942 72 949 ⁵
155 964 255 1029 codex
278 964 361 1045 qvod
383 966 520 1030 sciamus
542 984 696 1047 nusquam
719 972 817 1031 extat
861 967 1124 1034 considerantem
1141 988 1220 1051 qvae
1244 970 1284 1035 de

153 1084 263 1153 codice
297 1082 354 1148 suo
387 1084 539 1177 Metellus
566 1090 678 1149 narrat
702 1086 839 1167 primum
867 1087 1009 1167 offendit,
1043 1088 1127 1168 qvod
1157 1088 1284 1152 duobus

152 1206 279 1268 tantum
302 1202 381 1267 locis
404 1204 524 1267 mentio
546 1202 584 1268 fit
604 1204 707 1269 libelli
730 1205 770 1269 de
792 1206 904 1270 munit.
928 1212 1035 1285 castr.;
1060 1206 1176 1271 deinde
1197 1206 1285 1286 quod

151 1321 185 1389 in
207 1322 367 1402 sollemni,
389 1326 425 1386 ut
447 1322 493 1386 ita
510 1322 623 1403 dicam,
635 1324 875 1389 enumeratione
892 1343 1002 1389 eorum
1019 1342 1099 1406 qvae
1118 1325 1282 1390 eZancbii

152 1440 261 1505 codice
284 1440 463 1521 descripsit,
491 1459 527 1504 eo
553 1440 634 1520 apso,
658 1459 738 1522 qvae
760 1444 935 1507 nominavit
957 1442 1105 1523 Gallam,
1128 1443 1283 1507 Metellus
1307 1464 1309 1466 “

151 1576 274 1640 qvoqve
301 1558 394 1623 affert
421 1564 516 1640 atqve
543 1559 640 1624 etiam
667 1578 766 1624 unum
793 1561 980 1640 scriptorem
1002 1562 1125 1626 incuria
1147 1560 1284 1647 omittit;

149 1682 314 1759 postremo
348 1712 388 1724 -
423 1679 507 1758 qvod
539 1679 763 1759 grauissimum
792 1683 842 1743 est
875 1715 918 1725 -
950 1681 983 1743 in
1017 1685 1151 1760 utraque
1178 1665 1285 1761 ipsius

150 1814 248 1860 manu
280 1796 400 1878 scripta
433 1796 672 1861 enumeratione
706 1798 819 1862 eodem
852 1799 948 1862 modo
981 1799 1101 1862 erravit
1133 1816 1170 1861 ac
1204 1796 1282 1862 Gal-

149 1914 235 1994 land,
269 1915 322 1995 qvi
344 1933 383 1979 ex
404 1933 469 1978 una
491 1916 663 1995 eademque
685 1932 837 1995 persona:
872 1915 1043 1997 ,Betrubio
1064 1915 1165 1980 Rulo“
1189 1917 1282 1995 duas,

148 2032 331 2098 Vitruvium
361 2036 393 2097 et
418 2032 546 2097 Ruffnm
574 2033 659 2097 fecit.
705 2034 794 2098 Haec
825 2034 960 2098 mutatio
982 2034 1101 2099 codicis
1123 2035 1280 2099 arceriani

150 2152 329 2233 scripturae
356 2160 389 2215 et
411 2150 574 2215 Gallandii
597 2156 630 2216 et
651 2152 787 2228 Metelli,
810 2170 890 2232 qvae
912 2153 981 2216 sine
1004 2151 1100 2217 dubio
1122 2171 1224 2233 neqve
1246 2154 1280 2217 in

151 2271 296 2351 exemplo
323 2268 455 2334 Zanchii
482 2288 584 2350 neqve
610 2269 642 2333 in
670 2270 919 2351 pseudo-tiliano
943 2271 1127 2352 apographo
1149 2271 1212 2335 fuit
1232 2272 1281 2337 vi·

150 2390 245 2455 detur
272 2388 350 2453 mibi
378 2388 544 2453 evidenter
569 2388 717 2469 probare,
744 2388 912 2454 Metellum
935 2407 998 2454 non
1016 2390 1083 2470 jam
1105 2394 1192 2455 recte
1213 2408 1282 2455 me·

148 2484 291 2587 misisse,
318 2525 399 2588 (μθθ
426 2507 546 2588 scripta
572 2506 690 2571 codicis
712 2507 843 2572 Zanchii
865 2508 1098 2589 descripsisset,
1127 2509 1184 2573 sed
1207 2527 1279 2573 cum

150 2626 238 2691 inter
259 2626 439 2707 scriptores,
461 2642 539 2705 qvos
563 2623 702 2689 Galland
724 2629 978 2705 enumeraverat,
999 2626 1136 2698 Balbum
1158 2631 1192 2691 et
1212 2627 1280 2709 Hy-

150 2744 260 2825 ginum
281 2746 337 2828 (de
359 2764 444 2809 mun.
467 2744 576 2827 castr.)
599 2746 767 2826 reperiret,
793 2747 934 2827 reliquos
956 2764 1079 2828 qvoqve
1101 2766 1137 2811 se
1160 2747 1279 2812 descri-

148 2864 254 2945 psisse
276 2866 439 2946 opinatum
462 2880 543 2928 esse.
587 2864 733 2929 Pessima
749 2870 856 2929 tamen
873 2866 956 2929 ratio
973 2870 1024 2929 est
1039 2866 1175 2929 nominis
1193 2865 1280 2929 Tilii.

148 2982 232 3047 Nam
256 2981 448 3048 Gentianam
469 2982 655 3062 Hervetum‚
678 3001 741 3048 non
764 2984 882 3048 Tilium
903 3001 1021 3048 novum
1038 2983 1179 3048 codicem
1197 2976 1279 3047 edit-

151 3101 260 3167 oribus
282 3100 512 3183 parisiensibus
534 3102 707 3167 tradidisse
729 3102 931 3183 apertissime
954 3102 1121 3165 Tnmebus
1138 3100 1279 3166 velGal·

148 3221 226 3285 land
247 3226 385 3286 metatur
408 3220 454 3303 (p.
471 3220 559 3301 256);
582 3238 675 3301 qvam
692 3220 968 3302 ,repugnantiam“
986 3219 1129 3284 Blume*
1152 3221 1279 3285 solvere

148 3339 268 3419 studet,
292 3357 362 3405 cum
384 3339 562 3419 posteriore
584 3338 655 3417 loco
677 3339 769 3403 dicit:
791 3338 968 3419 ,Hervetus
989 3338 1150 3402 verweiltc
1166 3337 1281 3417 ldnger

148 3458 182 3521 in
211 3459 337 3538 Italien,
366 3458 414 3522 als
437 3457 548 3537 Tilius,
577 3458 660 3522 denn
687 3475 722 3521 er
749 3456 923 3537 begleitete
945 3456 1007 3520 den
1029 3454 1179 3519 Cardinal
1202 3454 1279 3520 Ger-

148 3576 217 3640 vini
239 3576 296 3641 auf
316 3578 373 3641 das
396 3576 600 3665 Tridentinar
623 3574 816 3653 Concilium3
838 3560 940 3639 Tilins
959 3592 1032 3654 mag
1049 3574 1114 3637 ihm
1131 3574 1199 3637 also
1219 3574 1280 3638 das

148 3694 258 3760 Detail
287 3698 344 3760 der
370 3694 484 3760 Arbeit
506 3693 694 3758 iiberlassen
720 3693 826 3757 haben
848 3694 913 3756 und
935 3691 1087 3756 Metellus
1109 3696 1218 3772 mogte
1240 3709 1278 3757 es

147 3812 203 3877 fiir
234 3813 402 3894 geniigend
435 3812 544 3877 halten
584 3813 645 3877 den
678 3783 907 3877 beriihmteren
940 3816 1034 3875 unter
1066 3811 1129 3875 den
1161 3810 1277 3874 beiden

146 3931 332 3997 Franzosen
355 3951 396 3995 zu
417 3932 569 3997 nennen.“
613 3932 656 3995 At
678 3932 792 3996 eodem
810 3930 883 4011 jnre
906 3928 974 3993 diei
990 3934 1107 4009 potest,
1136 3928 1279 3993 editores

188 4145 194 4151 .
251 4068 268 4101 *
286 4065 451 4119 Feldmesser
468 4065 504 4133 II,
522 4068 556 4123 33
575 4069 602 4119 et
619 4064 714 4120 Rbein.
735 4064 772 4119 M.
791 4065 811 4118 f.
829 4064 945 4133 Jurispr.
962 4062 1025 4127 VII,
1043 4066 1101 4119 188.
