2984 4667
1228 254 1261 302 29

163 432 257 510 est*
280 427 437 507 oblongae
461 425 596 506 qvidem,
620 423 677 488 sed
700 440 846 487 enormes
869 427 952 486 sunt.
984 421 1094 504 Neque
1116 421 1243 487 firmata
1266 429 1300 489 et

163 546 311 613 stabilita
333 550 383 610 est
399 542 579 609 Cohauseni
601 541 707 622 opinio
720 542 758 580 ²⁸*
781 541 822 604 ad
842 540 1031 605 hodiernum
1048 541 1153 606 loonm
1163 541 1297 607 Nieder-

166 666 278 731 bieber
301 683 320 729 a
343 663 491 742 Caesare,
519 672 590 726 o‘um
617 661 742 739 iterum,
756 658 903 723 Rhenum
929 660 1092 740 transiret,
1115 665 1221 725 rastra
1242 680 1298 742 po-

165 786 231 851 sita
252 802 334 849 esse.
347 785 404 824 *³¹²*
437 782 595 846 Videntur
611 780 718 861 potius
732 779 777 875 ad
795 776 937 871 aetattm
955 777 1190 860 Imperatorum
1210 799 1298 861 speo-

163 908 249 985 tere,
272 902 340 981 sed,
361 901 424 965 nisi
444 900 550 979 fallor,
573 917 634 980 quo
656 903 800 978 tempore
821 897 881 961 hoo
903 898 1071 962 rastellum
1092 898 1144 963 rel
1166 898 1200 963 id
1216 900 1299 979 qvod

163 1022 211 1085 ad
233 1019 456 1100 Saalburgium
488 1018 628 1098 positum
651 1020 710 1095 est,
732 1015 861 1079 condita
888 1019 921 1079 et
941 1016 1116 1080 constituta
1141 1017 1214 1096 sint,
1237 1036 1300 1083 non

166 1139 337 1218 constrati
381 1137 469 1214 Quae
503 1119 691 1217 qvamqvam
723 1134 770 1198 ita
797 1138 880 1212 sunt,
907 1139 1015 1199 tamen
1042 1135 1167 1215 qvando
1194 1140 1301 1201 eastra

163 1258 301 1323 tertiata
323 1238 470 1337 usurpari
494 1258 607 1335 coepta
629 1254 703 1333 sint,
725 1253 856 1334 probari
877 1257 999 1334 potest:
1021 1254 1158 1334 primum
1182 1255 1210 1318 si
1232 1273 1300 1318 mu·

163 1376 328 1441 tationum
350 1375 398 1439 rei
419 1373 567 1438 militaris
581 1348 744 1437 rationem
767 1371 932 1451 habemus,
948 1372 1063 1437 deinde
1084 1391 1143 1454 per
1158 1392 1300 1440 errorem

163 1494 327 1575 qvendam
350 1492 442 1556 Livii.
465 1527 507 1539 -
529 1492 567 1555 In
586 1491 700 1555 eastris
722 1489 848 1571 Polybii
870 1491 977 1555 media
997 1491 1069 1556 loca
1089 1496 1201 1557 tenent
1216 1494 1301 1573 eqni·

163 1618 221 1677 tes
244 1611 378 1676 romani.
425 1609 485 1687 Qvi
508 1627 579 1675 oum
602 1610 741 1673 militare
770 1609 964 1674 desivissent
985 1614 1019 1673 et
1039 1610 1178 1690 majores
1212 1630 1301 1677 exer·

168 1731 254 1795 oitus
270 1747 370 1811 -qvam
399 1730 480 1794 duae
508 1729 652 1809 legiones
673 1728 706 1792 in
729 1728 844 1792 eastris
866 1732 1070 1808 ponerentur,
1093 1728 1228 1793 formam
1251 1748 1303 1795 ea

165 1854 312 1913 strorum
337 1850 378 1913 ad
400 1848 433 1912 id
455 1852 581 1928 tempus
605 1846 793 1927 quadratam
815 1845 849 1909 in
871 1847 1035 1911 tertiatam
1057 1847 1110 1912 vel
1133 1847 1302 1929 oblongam

170 1972 328 2031 mutatam
351 1984 422 2031 esse
445 1972 692 2051 consentaneum
709 1968 768 2029 est.
802 1962 929 2029 Gentius
951 1965 1168 2030 testimonium
1184 1971 1235 2031 est
1250 1966 1303 2031 Li·
1362 1955 1379 2012 f

171 2086 219 2149 rii
251 2103 351 2149 error.
394 2086 427 2149 Is
456 2058 746 2165 ouffouaestione
773 2088 937 2164 portarum
961 2089 1139 2149 castrorum
1160 2086 1303 2165 proxime
1378 2061 1382 2076 ⁸

166 2204 334 2283 eohaeret3
358 2203 532 2282 dequibus
554 2220 637 2267 nnnc
660 2203 768 2282 paullo
791 2202 918 2282 longius
942 2204 1149 2294 repetendum
1173 2209 1232 2269 est.

278 2323 460 2403 Antiquitas
494 2321 595 2385 multo
629 2325 703 2385 ante
729 2320 855 2401 Polybii
882 2325 1038 2401 tempora,
1061 2339 1132 2386 oum
1165 2324 1304 2387 nondum

171 2440 358 2523 trequentes
381 2441 458 2507 socii
480 2441 513 2504 in
536 2441 678 2505 exercitu
698 2457 830 2504 romano
852 2440 1038 2519 militarent,
1061 2440 1165 2505 forma
1185 2448 1306 2507 rastro·

180 2576 249 2624 rum
272 2562 340 2624 sine
363 2560 459 2624 dubio
483 2560 621 2641 oblonga
643 2564 713 2623 erat
735 2563 768 2623 et
790 2559 920 2623 consule
941 2577 982 2624 ne
1004 2561 1163 2624 sociorum
1180 2562 1306 2641 qvidem
1347 2567 1371 2646 'l

176 2652 594 2759 eohortem'oiro'rlammodo
617 2677 812 2758 praetoriam
835 2676 1027 2758 habente††
1047 2679 1242 2759 praetorium
1260 2681 1307 2746 la·
1354 2675 1362 2703 ¹

174 2799 241 2860 'teri
267 2802 444 2862 castrorum
467 2780 615 2896 proppius
637 2794 737 2859 fuisse
759 2795 886 2859 videtur
907 2813 1001 2876 qvam
1022 2797 1108 2877 apud
1128 2796 1306 2880 Polybium.
1345 2802 1361 2865 s

177 2913 249 2991 Qvo
268 2916 338 2997 ipsa
359 2934 394 2979 re
416 2915 484 2979 veri
507 2914 609 2978 simile
633 2918 692 2993 eet,
714 2914 908 2994 praetoriam
929 2914 1124 2995 appellatam
1146 2934 1219 2981 esse
1234 2934 1308 2997 por·

179 3038 256 3112 tam,
276 3052 355 3115 qvae
378 3034 425 3099 illi
448 3033 543 3099 lateri
567 3037 636 3097 erat
650 3031 809 3113 imposita.
842 3031 1026 3097 Exercitum
1044 3038 1150 3119 autem
1165 3035 1200 3097 in
1215 3041 1308 3115 parte

298 3256 312 3285 *
330 3252 503 3305 Fossionibur
530 3249 680 3319 patefactae
706 3250 769 3301 sunt
795 3247 883 3301 torrae
908 3250 1078 3312 rotundatae,
1096 3250 1195 3305 Caesar
1220 3255 1309 3307 autem

179 3345 266 3399 fossas
284 3346 428 3412 „lateribus
447 3343 572 3399 directis¹⁴
590 3344 720 3395 memorat
737 3340 781 3407 (B.
801 3340 833 3395 G.
851 3340 926 3405 VIII,
944 3346 981 3410 9).
1015 3342 1096 3397 Goler
1113 3348 1202 3398 eastra
1214 3345 1310 3400 Caesa·

149 3458 152 3463 ·
178 3439 218 3492 ris
237 3438 272 3492 ad
290 3438 369 3493 alium
388 3440 475 3493 locum
492 3435 643 3498 transtulit,
662 3435 708 3491 sed
726 3438 785 3492 sine
803 3438 883 3492 dubio
900 3438 969 3491 falso
987 3438 1023 3504 (v.
1042 3438 1141 3501 Heller,
1158 3437 1230 3492 Phil.
1242 3441 1309 3493 Anz.

176 3547 205 3584 a.
225 3534 291 3588 1881
310 3548 333 3599 p.
351 3534 403 3599 96).

284 3628 313 3656 ¹³*
331 3626 404 3679 Jlbr.
423 3625 469 3679 des
487 3626 596 3682 Rheinl.
614 3626 666 3679 vol.
684 3628 717 3682 47
736 3628 764 3679 et
780 3628 815 3682 48
831 3641 858 3693 p.
875 3627 917 3681 50.

266 3720 310 3750 ”¹⁸
328 3718 403 3783 Qvod
424 3719 514 3773 Ritter
536 3718 625 3785 (JJbr.
642 3719 694 3775 rol.
711 3721 745 3775 39
763 3722 791 3771 et
809 3721 843 3775 40
860 3734 886 3787 p.
903 3720 938 3774 45
956 3726 1005 3786 sq.)
1024 3718 1170 3788 proposuit,
1189 3719 1246 3772 sine
1264 3719 1311 3772 dn·

182 3810 226 3865 bio
245 3828 397 3880 perversum
415 3814 464 3865 est.

301 3910 320 3971 †
339 3936 371 3945 -
391 3906 495 3974 „quello
514 3906 623 3974 (castro)
642 3904 669 3957 di
687 3904 828 3974 Saalbnrg,
847 3905 955 3959 creduto
974 3904 1017 3959 dei
1034 3905 1117 3974 tempi
1136 3904 1311 3959 d’Adriano:“

182 3992 221 4049 Lo
238 3996 380 4051 Antiohita
397 3997 425 4052 ni
444 3998 528 4052 Aosta
546 3998 581 4052 da
598 3997 627 4052 G.
645 3998 759 4052 Promis.

285 4096 325 4156 ††
344 4091 399 4146 Gir.
417 4090 572 4157 Mommsen,
591 4096 701 4146 Hermes
719 4090 793 4155 XIV,
810 4094 852 4148 26·
