2984 4667
12 3021 106 3172 du

12 3174 39 3261 o

276 174 308 223 36

241 334 325 408 euim
339 343 502 429 ‚Anonymi
524 343 691 425 Byzantini
713 344 841 423 auxilia,
865 361 945 425 qvae
968 348 1043 408 tunc
1067 344 1136 409 sine
1159 344 1255 407 dubin
1280 362 1299 407 e
1320 362 1372 407 so·

239 462 280 525 lis
318 462 474 541 eqvitibus
516 461 754 543 constabant,*)
790 462 898 526 media
929 460 1002 526 loca
1033 462 1194 540 tenebant,
1228 461 1372 541 legiones

240 579 342 643 latera
370 581 592 645 custodiebant
605 579 665 660 **).
719 580 762 644 At
789 580 869 645 baec
897 571 950 645 res
973 579 1034 644 etsi
1054 578 1204 646 fiduciam
1227 598 1305 661 erga
1326 581 1374 645 le-

240 698 350 778 giones
372 703 524 779 praestat,
555 703 661 762 tamen
689 700 736 764 eis
764 716 897 763 munera
925 716 1048 780 qvoqve
1074 698 1227 770 militaria
1253 698 1373 776 attulit,

240 834 319 895 qvae
341 817 459 880 auxilia
481 817 533 881 vel
549 816 772 897 supplementa
788 816 950 896 legionum
966 815 1157 896 ignorabant
1173 816 1255 897 ***).
1282 816 1374 882 Inter

239 934 318 999 baec
351 936 459 1017 „plura
487 935 636 999 munera“
663 936 824 1015 legionum
852 939 1009 1001 memorat
1036 940 1148 999 auctor
1173 935 1277 1000 libelli
1304 953 1374 999 mn-

239 1070 299 1117 nus
322 1053 515 1133 vigiliarum,
537 1070 617 1133 qvae
645 1054 691 1117 ita
717 1053 977 1133 disponebantur,
1004 1058 1042 1117 nt
1064 1071 1083 1117 e
1104 1053 1240 1135 singulis
1262 1057 1375 1118 contu«

238 1171 357 1235 berniis
375 1172 528 1236 denorum
546 1171 682 1235 milltum
699 1171 765 1235 bini
792 1172 824 1235 in
846 1172 972 1251 vigilias
999 1172 1216 1236 succederent.
1260 1171 1372 1237 Scribo

239 1288 322 1352 enim
344 1289 443 1353 verba
465 1290 612 1353 mutilata
633 1289 728 1369 primi
750 1290 863 1370 capitis
885 1289 945 1353 hoc
967 1291 1077 1354 modo:
1106 1291 1194 1355 Haec
1215 1292 1374 1370 pedatura

238 1406 280 1470 ad
300 1407 411 1487 plenas
434 1408 570 1487 legionis
594 1406 760 1489 (fortassez
782 1407 963 1487 legIonunr3
985 1407 1041 1472 cfr.
1064 1426 1095 1488 p.
1113 1408 1167 1487 93,
1185 1396 1220 1485 93
1242 1408 1295 1486 95,
1315 1407 1370 1492 12)

238 1526 397 1588 centurias
420 1526 465 1603 (in
489 1526 607 1603 codice,
630 1526 714 1589 unde
738 1525 917 1605 descriptus
940 1531 990 1590 est
1015 1527 1198 1590 arcerianus
1220 1528 1290 1591 sine
1314 1528 1372 1590 du-

1218 1600 1373 1623 ῌ--ρ

238 1640 383 1737 ἰὶίρ-θταῖ
408 1640 523 1723 77]ι
545 1648 595 1707 est
617 1648 808 1723 computata,
828 1662 866 1707 ex
889 1644 1002 1724 quibus
1023 1645 1055 1707 in
1073 1644 1191 1724 vigiliis
1210 1646 1278 1710 seni
1296 1645 1371 1709 deni

216 1731 226 1846 Ἰ
239 1763 322 1837 sunt,
335 1764 370 1822 ut
387 1777 449 1822 non
468 1759 539 1839 plus
557 1778 649 1841 qvam
669 1765 800 1824 octonos
816 1762 995 1841 papiliones
1012 1762 1157 1842 singulae
1177 1762 1369 1843 tendant.††

236 1876 344 1941 Verba
366 1877 511 1958 „qvibus“
542 1884 574 1942 et
595 1878 751 1959 imprimis
780 1879 957 1960 „singulae“
985 1879 1158 1959 postulant,
1184 1883 1222 1942 ut
1242 1884 1372 1943 antece·

237 1994 293 2058 dat
314 1996 519 2075 „centuriae“‚
543 2014 622 2076 qvae
644 2013 715 2075 vox,
740 1996 769 2060 si
790 1998 882 2077 siglis
904 1996 1008 2061 solitis
1030 1997 1150 2078 scripta
1171 2002 1250 2077 erat,
1272 1997 1370 2062 facile

236 2131 255 2175 a
294 2113 399 2177 scribo
437 2115 541 2179 omitti
573 2116 678 2196 potuit
688 2116 789 2197 †††)·I
841 2116 945 2196 Atque
983 2120 1107 2180 attente
1145 2133 1237 2199 omne
1272 2122 1371 2197 caput

192 2376 195 2382 A
356 2317 370 2345 *
389 2316 442 2367 on.
463 2316 612 2368 Salmasius
632 2331 673 2383 ap.
693 2315 790 2373 Graec·
808 2308 886 2368 Thes.
904 2333 931 2384 p·
950 2318 1031 2379 12983
1054 2314 1168 2380 Gibbon,
1186 2316 1257 2374 Hist.
1275 2316 1306 2369 of
1320 2316 1368 2372 the

236 2408 337 2463 decline
355 2413 405 2462 cet.
425 2424 482 2476 cap.
502 2412 516 2463 1
535 2410 590 2460 not.
608 2410 659 2474 43.Ι
1194 2398 1197 2404 '

310 2524 313 2529 ·
338 2504 367 2533 *¹⁸
384 2500 510 2561 XXVIII,
531 2505 545 2556 1
564 2516 619 2568 squ.

324 2596 367 2626 *⁹⁶*
385 2593 438 2648 cn.
456 2593 522 2663 Veg.
541 2593 575 2657 II,
593 2595 623 2647 3:
654 2596 711 2660 „est
728 2596 756 2647 et
773 2593 828 2646 alia
854 2610 942 2657 eausa,
961 2610 1007 2647 cur
1032 2596 1188 2647 attenuatae
1209 2594 1265 2647 sint
1281 2594 1367 2661 legio·

233 2704 287 2741 nes.
305 2703 417 2755 magnus
444 2687 472 2738 in
498 2686 554 2739 illis
581 2686 658 2739 labor
676 2688 717 2739 est
742 2686 887 2750 militandi,
910 2686 1033 2754 gadora
1051 2689 1230 2755 mesphaa
1246 2704 1366 2747 munero,

233 2782 348 2835 severior
366 2780 515 2848 discipliua.
551 2778 625 2843 Qvod
648 2780 764 2832 vitantes
786 2780 906 2847 plerique
931 2779 960 2831 in
978 2780 1085 2832 auxiliis
1102 2780 1232 2833 festinant
1248 2780 1364 2832 militiae

234 2877 399 2927 sacramenta
416 2874 559 2941 percipere,
576 2873 622 2925 ubi
640 2876 668 2925 ot
684 2872 773 2925 minor
790 2873 870 2925 sudor
887 2877 915 2926 et
932 2873 1079 2926 maturiora
1097 2876 1160 2925 sunt
1177 2873 1321 2941 praemia.“

353 2971 372 3029 †
390 2967 509 3033 Apparet
527 2964 603 3018 illurn
621 2964 737 3018 codicem
764 2965 864 3033 passim
881 2966 954 3019 notis
971 2965 1014 3018 rel
1037 2965 1114 3033 siglis
1140 2966 1268 3033 scriptum
1294 2980 1366 3018 esser

194 3010 212 3119 ἱ
232 3075 257 3127 p.
276 3012 353 3125 85,δῤ
371 3060 484 3127 scriptor
503 3059 560 3112 cod.
579 3074 631 3111 aro.
650 3032 739 3117 Pnlin
763 3058 794 3126 Π
812 3058 942 3125 corrupit3
960 3074 986 3127 p.
1004 3061 1046 3121 85,
1064 3060 1082 3113 5
1091 3056 1368 3148 Quart&

204 3120 420 3221 t„imperatoris
440 3152 540 3205 nostri“
551 3150 612 3205 ideo
630 3150 824 3214 desiderantur,
843 3150 968 3218 quodibi
987 3152 1063 3219 siglis
1082 3151 1103 3203 Ι.
1113 3150 1147 3203 Ν.
1157 3152 1257 3219 scripta
1274 3153 1365 3212 erunt,

206 3215 257 3333 {p
278 3249 317 3308 72,
344 3250 360 3301 6
380 3244 466 3299 Pno
484 3246 531 3299 PR
558 3245 604 3314 (=
627 3244 764 3314 praefecto
779 3244 930 3312 praetorio)
953 3260 979 3311 p.
999 3246 1040 3305 75,
1058 3248 1074 3301 7
1092 3261 1115 3297 a.
1135 3246 1153 3298 l.
1171 3245 1206 3297 ad
1222 3246 1365 3338 ιω
1383 3224 1468 3333 coitu

209 3336 289 3417 {(ubi
309 3339 340 3393 G.
359 3339 463 3393 Gemoll
482 3354 603 3405 perverse
622 3337 790 3401 emendavit).
826 3336 900 3390 Haec
917 3336 969 3390 duo
986 3340 1122 3405 postremo
1138 3338 1258 3404 exempla
1275 3339 1365 3391 osten-
1380 3338 1458 3422 pilari

214 3422 308 3523 {dunt
334 3432 490 3499 scriptorem
511 3448 592 3484 arcer.
612 3434 639 3483 et
657 3446 780 3499 perverse
798 3433 825 3483 et
843 3431 949 3483 omnino
967 3446 1020 3483 non
1038 3430 1195 3499 compendia
1212 3430 1364 3498 sulpturae
1394 3418 1480 3490 orbo*

216 3524 349 3577 ssolvisse.
386 3524 475 3577 Verba
493 3524 520 3577 in
541 3524 596 3578 bod.
616 3540 668 3577 arc.
687 3524 786 3577 omissa
804 3539 861 3577 esse
879 3540 909 3577 ex
921 3539 952 3577 eo
964 3522 1179 3577 manifestissime
1195 3526 1279 3591 patet.
1292 3522 1363 3591 qvod
1378 3496 1480 3639 Μ

231 3635 252 3671 o.
269 3621 304 3673 48
321 3617 490 3671 vocabulum:
511 3618 624 3671 servolis
651 3616 732 3671 deest.
769 3617 841 3681 Quae
867 3633 910 3669 res
926 3619 955 3670 in
973 3616 1137 3669 emendando
1155 3619 1230 3669 textu
1248 3616 1362 3684 diligen·
1386 3577 1471 3729 ,υἷι

230 3711 332 3764 tissIme
353 3710 534 3763 observandae
554 3714 624 3764 sunt.
1438 3695 1480 3749 'ff

332 3808 372 3867 ††
391 3804 466 3868 Qvod
493 3805 585 3873 Lange
610 3803 751 3871 proposuit
777 3802 836 3855 ideo
855 3803 950 3871 pobari
968 3819 1021 3856 non
1038 3806 1136 3876 potest,
1155 3804 1218 3870 qvia
1235 3802 1361 3855 distribu-
1391 3780 1472 3833 ”W

229 3897 281 3949 tivi
299 3897 400 3950 numeri
419 3898 447 3949 in
467 3890 602 3973 aldemano
621 3896 710 3950 codice
728 3911 781 3949 non
790 3896 862 3949 notis
875 3886 1068 3963 ⁷significantur.
1094 3897 1185 3964 Neque
1199 3895 1361 3963 „legionem“

229 3990 256 4041 in
276 4006 379 4043 sensum
398 3990 451 4043 loci
468 4006 576 4058 prorsus
595 3990 716 4057 quadrat.

305 4088 365 4147 †††
385 4083 438 4149 „Ut
448 4113 479 4123 —
489 4084 616 4137 tendant“
627 4099 675 4151 pro
686 4086 729 4149 „et
738 4110 772 4121 -
781 4081 909 4135 tendant“
921 4081 1006 4135 audax
1025 4098 1088 4135 sane
1105 4082 1251 4151 philologis
1263 4097 1356 4161 emen-
