2984 4667
1134 218 1140 228 Ι
1170 157 1183 198 v

278 248 341 285 xxiv

244 406 435 486 sputandum
448 410 506 471 est.
541 405 577 468 In
589 405 681 485 libro,
695 424 787 485 qvem
798 405 986 485 saepissime
997 406 1184 470 memoravi:
1201 406 1372 471 Feldmes·

245 543 297 589 ser
320 524 375 607 (ll,
398 524 453 606 58)
478 530 593 604 55551,
616 530 653 589 51
670 527 811 590 codicem
830 526 1104 590 membranaceum
1115 526 1228 589 Nausii
1240 533 1272 590 et
1285 527 1371 607 ejus-

245 647 316 710 dem
344 646 403 709 viri
431 646 556 710 codices
584 646 705 727 primae
727 652 927 727 ¹¹qvartaeqve
947 647 1100 731 ⁴classium
1130 666 1169 711 ne
1197 646 1371 711 confunda-

245 785 332 830 mus:
354 767 400 830 ita
423 767 505 831 enim
528 764 684 847 Langium
708 766 841 849 (,praef.
865 767 906 831 ad
928 766 1010 848 Hyg.
1033 785 1105 847 pag.
1128 765 1220 851 VH“)
1244 767 1371 832 fecisse.

244 887 313 951 Hoc
346 888 430 968 apud
466 887 620 967 Langinm
655 905 716 950 non
740 888 862 965 iuveni3
890 887 1102 950 certissimum
1125 905 1200 951 vero
1224 893 1274 951 est
1296 886 1372 951 Blu-

244 1007 341 1070 mium
370 1008 473 1087 ipsum
496 1006 569 1070 illos
593 1006 718 1071 codices
741 1006 932 1071 confudisse.
977 1006 1059 1070 Nam
1082 1008 1232 1087 ,parvula
1255 1008 1375 1072 discre-

244 1128 379 1207 pantia“,
403 1146 495 1208 qvam
518 1127 549 1190 15
574 1127 681 1191 555155
704 1127 816 1190 1155511
838 1128 960 1207 primae
983 1128 1096 1191 elassis
1118 1128 1281 1208 invenit*
1305 1148 1372 1193 ma-

245 1247 450 1311 nifestissime
488 1248 531 1332 55
570 1247 710 1311 codicem
745 1247 860 1310 tertiae
894 1246 1007 1310 5155515
1020 1248 1056 1285 **
1089 1246 1243 1327 pertinet;
1276 1267 1372 1328 qvam

245 1369 284 1432 ob
309 1387 375 1432 rem
398 1342 572 1447 Rigaltinm
595 1385 656 1429 non
675 1367 769 1431 modo
788 1366 891 1430 tribus
908 1366 1107 1430 memmianis
1126 1367 1297 1448 codicibus,
1316 1369 1374 1431 sed

245 1488 341 1553 etiam
366 1488 488 1551 duobus
512 1486 673 1550 causianis
697 1505 788 1550 usum
812 1506 883 1586 esse
906 1492 1048 1567 apparet.

349 1608 525 1687 Auteqvanr
548 1607 620 1671 huic
643 1607 861 1672 dissertationi
885 1607 924 1670 de
951 1607 1112 1671 codicibus
1135 1608 1376 1689 agrimensoriis

245 1729 366 1809 primae
401 1732 433 1791 et
465 1728 580 1791 tertiae
609 1727 758 1791 classium
787 1726 882 1791 finem
910 1727 1069 1807 inponam,
1097 1727 1137 1790 de
1164 1726 1272 1791 codice
1295 1730 1376 1792 vati-

143 1870 146 1910 (
244 1867 322 1912 5555
346 1848 430 1912 3132
453 1847 493 1910 55
512 1848 722 1929 supplendum
740 1848 828 1928 qvod·
840 1848 952 1911 Blume
971 1847 1145 1928 disputavit
1160 1866 1262 1927 pauca
1279 1848 1374 1912 addo.

244 1967 323 2031 Post
344 1970 480 2030 mortem
495 1966 624 2031 Zenobii
641 1985 668 2030 a.
688 1966 769 2031 1558
785 1967 836 2031 vel
855 1967 936 2030 1559
949 1968 1006 2005 ***
1030 1984 1106 2047 qvas
1125 1966 1259 2030 subierit
1275 1968 1374 2032 codex
1478 2017 1480 2021 ,

245 2087 479 2151 vicissitudines
512 2086 669 2167 fortunae,
705 2087 791 2150 haud
826 2088 1004 2151 accuratius
1032 2088 1247 2167 cognovimus.
1294 2087 1373 2152 Cum

244 2211 350 2272 autem
379 2206 506 2297 generis
530 2206 694 2287 cujusdam
718 2207 1080 2288 551515511511551555,
1103 2208 1187 2288 qvod
1209 2208 1241 2271 in
1264 2208 1371 2273 codice

244 2328 388 2393 vaticano
402 2326 494 2407 juxta
512 2326 653 2389 familiae
673 2325 990 2407 Boneompagnorum
1017 2331 1075 2406 est,
1088 2326 1130 2407 11
1152 2326 1184 2389 15
1207 2327 1299 2407 libro,
1320 2330 1368 2408 qvi

243 2448 440 2511 inscribitur:
454 2446 559 2527 „Fasti
577 2444 793 2509 Oardinalium
807 2446 946 2510 omnium
964 2451 1093 2511 sanctae
1111 2464 1262 2512 romanae
1276 2448 1373 2512 eccie-

245 2568 312 2633 siae
334 2586 405 2631 cnm
428 2570 595 2631 stemmate
619 2563 785 2631 Gentilitio
809 2567 959 2648 qu'usqve
976 2567 1147 2632 cardinalis
1166 2573 1225 2633 etc.
1245 2573 1375 2632 auctore

243 2688 379 2766 Palatio,
396 2686 539 2751 Venetiis
557 2685 752 2766 mossur,
770 2686 1006 2765 investigarem,
1024 2705 1121 2749 unum
1139 2687 1242 2751 solnm
1260 2688 1377 2766 inveni,

211 2828 213 2833 ’
245 2810 328 2890 qvod
351 2809 390 2872 ad
413 2807 530 2871 Blumii
542 2806 640 2871 verba
652 2806 832 2887 qvadraret.
865 2805 994 2886 Insigne
1006 2811 1057 2870 est
1069 2807 1241 2871 cardinalis
1256 2806 1383 2904 Sirleti·

244 2930 326 2993 Huic
348 2928 415 2991 viro
439 2945 467 2990 a.
489 2926 568 2991 1514
590 2930 665 2991 5515
683 2926 854 2990 cardinalis
872 2924 1026 2991 Cervinus
1044 2927 1172 3007 (postea
1189 2945 1272 3007 papa
1288 2928 1381 2992 Mar-

245 3049 356 3114 cellins
368 3047 413 3127 ΙΙ)
427 3048 524 3121 55155Ι
534 3046 676 3125 favebat3
694 3050 769 3127 post
785 3051 908 3111 morten
925 3046 976 3109 Pii
987 3046 1032 3111 IV
1048 3047 1235 3112 candidatus
1248 3046 1381 3129 pontifi-

245 3169 312 3232 ciae
325 3168 488 3248 dignitatis
501 3168 534 3231 in
547 3186 616 3231 eam
629 3185 691 3230 non
708 3171 856 3247 receptus
869 3171 927 3247 est,
941 3167 1013 3248 qvia
1030 3168 1161 3249 ,studiis
1172 3172 1259 3231 totus
1271 3169 1380 3233 15155-

245 3290 313 3353 tus“
331 3294 414 3367 erat,
432 3288 547 3352 deinde
559 3287 761 3369 praepositus
773 3290 823 3351 est
838 3287 1033 3367 apostolieae
1045 3287 1265 3353 bibliothecae.
1297 3289 1376 3353 Pro-

383 3495 398 3527 *
419 3491 581 3546 Feldmesser
598 3492 634 3557 ΙΙ,
652 3495 686 3549 39
704 3509 730 3545 5.
749 3495 791 3548 56.

365 3589 398 3621 *1*
417 3586 468 3639 Ad.
487 3604 513 3655 p.
531 3589 590 3651 239,
616 3590 647 3643 16
664 3586 695 3640 L.
723 3587 794 3640 enim
816 3586 953 3655 Rigaltius
981 3588 1093 3641 adnotat
1120 3593 1154 3656 (p.
1172 3589 1328 3643 92=Goes
1352 3605 1378 3656 p.

246 3684 324 3752 253):
343 3681 411 3735 iiber
429 3681 538 3735 Nausii:
553 3682 612 3751 jure
631 3681 791 3751 templorum
809 3681 842 3735 ab
863 3685 986 3751 Angusto
1005 3682 1115 3735 censita.

349 3778 392 3807 *⁹⁶*
412 3775 513 3840 Blume‚
532 3775 695 3829 Feldmesser
713 3776 749 3841 II,
768 3778 814 3837 15;
832 3779 873 3832 63.

382 3876 399 3936 1
416 3870 524 3939 Insigne
541 3870 685 3923 cardinatis
702 3886 759 3923 5555
771 3872 865 3932 debere,
878 3886 932 3923 non
947 3886 1024 3939 posse
1039 3872 1168 3925 contendi'
1179 3873 1244 3926 mibi
1259 3873 1378 3938 videtum

246 3966 292 4021 cir.
312 3965 449 4028 Ubaldini,
467 3965 525 4017 vita
543 3964 598 4018 Col.
618 3982 643 4033 p.
664 3969 678 4022 7
697 3964 729 4019 55
748 3964 849 4018 0515111
866 3964 975 4033 insigni.

367 4066 400 4127 ††
417 4060 519 4123 Blume‚
546 4059 710 4113 Feldmesser
728 4059 763 4126 II,
789 4062 832 4117 35.
855 4060 977 4114 Alterum
993 4061 1107 4131 insigne,
1125 4062 1176 4115 etsi
1199 4062 1273 4116 deest
1291 4062 1376 4117 cauda

246 4154 375 4219 draconis,
394 4156 659 4224 Boncompagnorum
678 4170 734 4209 5555
753 4154 832 4208 55551
849 4154 950 4209 Ρ515111
969 4173 1070 4226 qvoqve
1089 4173 1164 4227 opus.
