2984 4667
233 176 267 226 26

197 346 293 412 aliter
315 346 413 411 sentit
429 346 465 410 A.
491 344 658 425 Gemoll*
682 347 738 411 sed
761 346 897 410 falso.**
941 346 985 409 Et
1011 346 1128 411 falsam
1156 364 1228 411 esse
1255 347 1325 428 eius

198 464 389 545 opinionem,
402 483 473 529 cum
488 469 563 529 aute
579 464 692 530 verba:
713 464 821 546 ,Nunc
837 464 939 528 latus“
955 464 1102 530 lacunam
1119 466 1242 546 statuit,
1254 484 1325 547 per-

196 582 324 663 picuum
342 586 401 647 est.
435 580 536 647 Nemo
559 599 636 646 saue
659 586 709 646 est
731 582 784 663 qvi
804 599 867 646 nou
889 582 1006 663 videat,
1029 582 1182 647 ambitum
1205 589 1325 648 castro·

196 719 268 765 rum
285 699 325 764 ab
348 700 566 781 agrimensore
590 701 716 764 omuino
738 701 785 765 ita
802 703 1047 783 computandum
1065 720 1135 767 esse
1151 707 1188 766 ut
1198 702 1324 768 Gemoll

196 821 303 899 putat3
317 820 373 859 ***
397 819 454 883 sed
477 818 528 883 bic
550 817 717 883 confundit
742 819 776 883 id
799 820 883 900 qvod
909 824 1021 884 auctor
1040 819 1145 900 potuit
1166 837 1324 900 exponere

197 956 269 1002 cum
292 955 340 1017 eo,
352 937 435 1018 qvod
457 954 615 1017 exponere
635 936 751 1001 voluit:
775 955 848 1002 eum
871 938 1042 1019 explanare
1057 939 1324 1019 computationem

197 1074 289 1120 suam
313 1054 462 1120 debuisse
487 1055 577 1119 nullo
604 1055 698 1121 modo
719 1056 877 1137 probavit.
922 1055 1023 1133 Quam
1045 1057 1085 1122 ab
1108 1076 1176 1122 rem
1198 1056 1325 1123 Gemoll

197 1190 337 1256 operam*
351 1191 440 1238 suam
456 1173 606 1253 perdidit.
651 1174 733 1251 Qviu
759 1174 855 1239 etiam
873 1179 995 1239 certum
1022 1175 1100 1239 mibi
1121 1176 1248 1240 videtur
1270 1195 1326 1241 au·

197 1298 317 1357 ctorem
341 1291 444 1356 libelli
467 1309 556 1355 suam
586 1293 855 1373 computationem
871 1311 934 1357 non
956 1295 1094 1360 dedisse.
1137 1295 1220 1359 Nam
1242 1296 1269 1359 si
1291 1296 1324 1359 iu

196 1412 311 1477 lacuna
334 1410 484 1475 Gemollii
512 1412 724 1492 exposuisset,
752 1413 1016 1493 quemadmodum
1044 1432 1062 1478 e
1088 1431 1219 1478 numero
1242 1414 1324 1478 mili·

197 1537 266 1596 tum
289 1534 466 1595 castrorum
490 1529 645 1594 ambitum
670 1529 903 1609 colligeremus,
930 1531 999 1595 sine
1030 1530 1097 1595 ullo
1130 1531 1227 1596 dubio
1252 1550 1324 1612 per·

198 1667 275 1729 gere
291 1666 353 1712 uou
377 1626 537 1732 potui&
560 1647 763 1713 brevissime:
791 1667 891 1728 ,nuuc
916 1648 1002 1713 latus
1023 1649 1176 1729 praetorii
1197 1667 1324 1731 compo-

197 1786 311 1832 namus
334 1769 366 1831 ct
388 1768 631 1846 praetenturam
665 1766 813 1831 similiter
835 1772 1053 1853 computemus
1075 1766 1142 1830 cet“
1168 1768 1263 1847 qvod,
1288 1774 1325 1832 ut

197 1886 324 1953 Gemoll
340 1858 533 1967 ipseldicere
555 1885 691 1964 videtur,
710 1902 820 1950 omues
842 1890 909 1951 tres
929 1890 1038 1966 partes
1055 1890 1089 1950 et
1110 1885 1257 1950 cobortes
1279 1887 1325 1951 le·

76 2038 78 2041 ·
197 2006 361 2088 giouariae
382 2001 479 2067 smol
505 2002 727 2084 respiciendae
749 2009 782 2067 et
804 2003 1022 2068 observandae
1055 2007 1156 2067 eraut.
1199 2004 1324 2072 Deinde

195 2126 224 2190 si
257 2125 394 2205 primum
422 2139 594 2187 enumero
627 2121 824 2185 tendentium
850 2122 1013 2186 homiuum
1037 2121 1270 2205 longitudinem
1292 2130 1325 2188 et

196 2242 399 2308 latitudinem
422 2245 600 2305 castrorum
624 2244 849 2321 computasset,
862 2245 983 2321 postea,
1011 2246 1048 2305 ut
1069 2242 1233 2306 evidenter
1254 2260 1327 2323 pro·

195 2364 274 2428 bant
295 2379 385 2441 capp.
408 2360 459 2437 32,
482 2360 534 2439 34,
556 2361 609 2439 42,
632 2377 703 2424 eum
725 2359 831 2439 longis
863 2359 1039 2424 rationibus
1071 2364 1326 2441 computaturum

194 2475 305 2558 fuisse,
331 2480 498 2560 qvomodo,
521 2497 592 2543 cum
615 2483 724 2543 essent
744 2482 840 2542 uotae
862 2482 895 2543 et
916 2479 1139 2559 constitutae†
1161 2478 1326 2558 longitudo

195 2604 230 2664 et
250 2599 398 2679 latitudo,
420 2598 530 2679 copiae
551 2598 585 2661 iu
617 2615 672 2662 eas
695 2597 813 2677 optime
835 2597 1037 2676 quadrarent,
1059 2596 1112 2660 vix
1132 2596 1201 2661 veri
1224 2596 1328 2661 simile
1397 2680 1404 2691 ¹

89 2716 93 2721 ’
195 2718 332 2783 videtur.
378 2717 508 2797 Spectet
541 2716 624 2781 enim
658 2714 863 2795 computatio,
891 2732 984 2795 qvam
1011 2714 1044 2777 iu
1065 2715 1180 2778 lacuna
1201 2712 1327 2779 Gemoll

197 2836 300 2918 fingit,
324 2838 364 2901 ad
387 2836 485 2900 trium
508 2835 671 2916 legionum
692 2852 859 2899 numerum
887 2851 957 2899 cum
979 2834 1207 2914 supplementis
1229 2835 1327 2899 tradi-

194 2956 238 3020 tis
260 2973 392 3021 uecesse
416 2955 582 3035 estquod
606 2953 781 3017 communis
803 2957 836 3017 et
856 2954 1016 3033 generalis
1044 2954 1237 3034 computatio
1261 2972 1327 3018 om·

197 3076 271 3139 nino
294 3093 356 3139 non
379 3077 486 3155 potest
507 3073 600 3137 tradi.
636 3072 741 3152 Atque
763 3072 843 3137 mire
861 3071 995 3136 dixisset
1011 3077 1123 3137 auctor
1139 3072 1240 3136 libelli
1257 3090 1325 3153 cap.

193 3196 254 3259 42:
283 3193 446 3274 ,qvoniam
471 3197 521 3257 est
548 3192 685 3255 latitudo
707 3188 764 3254 DC
786 3191 903 3272 pedum
925 3190 1021 3268 uideo,
1044 3195 1113 3271 qoot
1133 3190 1327 3272 semisomno

315 3440 331 3465 ‘
346 3440 456 3489 Hermes
474 3435 533 3498 XV,
551 3421 602 3491 24'7
620 3451 676 3503 sqr.

299 3533 324 3561 *³
342 3529 372 3582 ln
401 3544 515 3581 errorem
534 3528 670 3582 induxisse
689 3544 749 3582 eum
771 3528 896 3583 videntur
917 3530 1018 3584 Schelii
1044 3530 1124 3583 verba
1142 3530 1212 3598 apud
1231 3529 1326 3584 Graev.

76 3714 82 3739 ,-
195 3640 223 3694 n·
242 3608 359 3697 utos

284 3720 321 3749 m
338 3716 437 3769 Tamen
464 3715 640 3769 incertissima
658 3718 699 3769 cst
717 3715 843 3769 Gemollii
861 3716 1021 3785 conjectura:
1039 3716 1184 3785 „primum“
1202 3732 1273 3784 apr,
1294 3720 1327 3769 ut

4 3772 32 3803 ,.‚
166 3812 307 3891 ¹initium
324 3826 381 3878 cap.
399 3812 434 3866 25
451 3808 591 3863 convincit.
609 3798 687 3864 lass
708 3788 797 3905 ,W
816 3788 914 3898 {mn
950 3829 1012 3906 ἢ
1035 3795 1090 3867 mg
1119 3795 1294 3906 Q

300 3908 320 3969 †
338 3902 463 3956 Fortasse
481 3918 539 3971 cap.
557 3904 591 3958 32
609 3900 702 3955 verba:
720 3920 802 3971 sopra
820 3905 920 3971 scriptia
935 3907 997 3972 post
1015 3918 1116 3957 vocem:
1135 3904 1326 3972 supplementis

114 4037 117 4050 .
194 3996 358 4052 exciderunt.
