2984 4667
261 186 290 222 1v

227 344 286 405 est.
331 338 409 403 Cum
442 338 538 403 etiam
566 338 745 419 scripturae
772 340 890 404 codicis
918 341 1085 421 arceriani,
1117 345 1272 423 quatenus
1300 362 1353 409 ex-

227 467 306 541 tant,
329 462 362 525 in
383 461 443 525 bac
465 460 602 541 epistula
617 477 636 523 a
651 459 854 524 Lachmanno
872 460 1044 543 (usquead
1062 480 1092 541 p.
1104 462 1156 541 91,
1172 459 1207 547 9)
1224 463 1354 528 tradan-

225 586 288 661 tur,
305 580 408 645 videri
423 583 538 660 potest,
556 596 635 659 qvae
652 559 772 643 codicis
788 578 954 657 arceriaui,
966 597 1047 660 qvae
1063 580 1200 645 vaticani
1211 581 1285 645 sint.
1306 581 1353 646 Ac

226 701 254 765 si
270 704 421 779 utrasque
439 699 612 778 scripturas
629 714 699 761 cum
712 698 770 778 eis,
782 716 862 777 qvae
874 717 892 763 c
904 698 1012 763 codice
1023 699 1152 764 Zanchii
1164 705 1309 781 sumptae
1320 701 1353 765 in

226 820 255 883 D
274 822 392 897 extant,
410 816 567 895 conferas,
579 820 728 896 qvattuor
743 816 840 897 plane
857 817 987 881 easdem
1004 836 1076 882 esse
1092 818 1236 883 invenias
1251 819 1288 883 in
1302 837 1353 884 co-

226 938 296 1003 dice
318 936 488 1002 barberino
511 938 605 1016 atqve
627 935 660 999 ia
682 936 838 1014 vaticano,
857 936 914 1000 sed
931 936 972 1000 ab
991 937 1155 1001 arceriano
1171 937 1352 1019 discrepan-

225 1063 286 1121 tes.
330 1056 459 1120 Habent
484 1055 610 1120 codices
637 1054 666 1119 V
694 1060 727 1119 et
747 1056 777 1119 D
802 1057 846 1137 (p.
870 1056 922 1135 91,
944 1057 989 1137 3):
1013 1058 1158 1122 notitiam
1182 1057 1264 1139 (cod.
1288 1076 1351 1124 arc.

225 1177 261 1240 B:
284 1174 422 1255 notitia);
458 1174 501 1259 (v.
524 1174 569 1251 bi:
604 1174 765 1255 querenda
788 1175 838 1256 (B2
862 1176 1046 1256 quandam);
1079 1178 1123 1259 (v.
1147 1178 1165 1241 7
1187 1182 1261 1257 post
1282 1196 1352 1259 „ne-

225 1291 374 1376 minem“)
404 1298 453 1357 est
481 1293 647 1357 omissum:
670 1293 772 1373 magis
800 1293 852 1373 (Β.
875 1292 973 1377 habet
995 1295 1121 1374 magis);
1156 1295 1199 1376 (v.
1223 1295 1258 1376 7)
1280 1314 1353 1376 pro·

225 1414 404 1479 futurarum
428 1411 478 1494 (B.
500 1412 727 1493 profuturum).
762 1412 833 1477 Huc
849 1412 982 1492 accedit,
1004 1413 1088 1493 qvod
1105 1414 1201 1478 etiam
1213 1414 1353 1495 reliquae

224 1534 403 1613 scripturae
431 1532 549 1597 codicis
578 1530 716 1596 vaticani
738 1535 772 1596 et
793 1531 924 1596 Zancbii
946 1532 1065 1611 optime
1087 1533 1278 1613 conspirant,
1301 1552 1352 1599 co-

226 1651 314 1715 dices
344 1655 451 1715 autem
479 1650 609 1714 Zancbii
638 1654 671 1714 ct
689 1648 833 1730 jenensis
855 1650 1046 1731 discrepant.
1091 1651 1178 1729 Quae
1200 1670 1252 1717 res
1274 1652 1351 1716 nibil

224 1777 331 1836 tamen
365 1769 444 1834 certi
477 1770 697 1833 demonstrare
730 1773 847 1849 potest,
866 1770 956 1849 quia
988 1769 1126 1834 maxima
1158 1788 1233 1851 pars
1265 1788 1352 1836 arce·

225 1889 307 1954 riani
340 1889 424 1967 libri,
459 1887 513 1951 ubi
547 1888 686 1952 fortasse
716 1887 894 1967 scripturae
922 1888 1054 1952 eaedem
1081 1893 1173 1954 eraut
1199 1893 1293 1970 atqve
1318 1889 1352 1953 in

225 2010 371 2074 vaticano
405 2008 462 2089 (=
494 2006 683 2087 zanchiano)
717 2006 858 2086 periit*
909 2006 1017 2071 (lodex
1050 2012 1156 2072 autern
1188 2009 1351 2073 vaticanus

224 2129 310 2194 inter
336 2145 436 2193 annos
467 2128 550 2191 1504
572 2130 605 2191 ct
631 2126 714 2191 1536
742 2144 776 2207 „e
799 2126 900 2191 veteri
922 2125 1032 2207 libro“‚
1059 2131 1096 2191 ut
1117 2127 1150 2190 in
1171 2126 1200 2190 D
1225 2127 1348 2207 dieitur,

226 2248 404 2328 descriptus
433 2251 492 2310 nst.
538 2244 669 2310 Certum
698 2250 750 2309 est
774 2244 858 2309 hunc
879 2245 1009 2309 Zanobii
1030 2246 1171 2310 codicem
1195 2246 1251 2329 (=
1272 2231 1352 2310 rati-

98 2427 108 2439 .
225 2364 364 2453 canum),
382 2369 438 2429 aut
464 2360 621 2430 arceriani
648 2363 751 2444 ipsius
773 2367 829 2427 aut
850 2362 1026 2444 apographi
1048 2363 1118 2443 ejus
1138 2363 1257 2427 codicis
1279 2381 1351 2427 esse

227 2485 417 2566 exemplum,
446 2483 519 2564 qvia
546 2480 732 2572 fragmenta
755 2480 918 2561 Simplicio
946 2482 1071 2546 cuidam
1093 2482 1257 2562 assignata
1277 2500 1351 2547 con·

225 2606 316 2683 tinet,
345 2604 398 2684 qvi
421 2605 531 2666 auctor
552 2618 654 2681 neqve
677 2618 815 2680 uuquam
837 2599 899 2663 fuit
920 2605 954 2665 et
973 2618 1032 2681 per
1055 2575 1196 2665 errorem
1219 2601 1352 2682 scripto·

225 2723 270 2787 ris
303 2721 459 2787 arceriani
492 2719 610 2785 codicis
643 2719 758 2783 extitit.
772 2721 808 2759 **
862 2719 913 2781 Ex
945 2718 1015 2799 ipso
1048 2723 1156 2783 autem
1187 2720 1352 2785 arceriano

225 2841 397 2906 Zanchium
422 2835 599 2920 exemplum
622 2856 715 2901 suum
737 2838 946 2919 descripsisse
966 2839 1034 2903 veri
1057 2839 1253 2903 simillimam
1275 2840 1352 2904 mihi

227 2961 362 3026 videtur.
407 2957 552 3039 Raphael
577 2957 812 3022 Volaterranus
839 2958 872 3021 in
894 2975 991 3037 opere
1013 2959 1141 3022 suo***
1162 2976 1352 3023 commemo·

341 3187 472 3240 *Postea
495 3184 534 3238 dn
555 3184 619 3237 Mau
641 3184 708 3237 mihi
730 3184 839 3253 scripsit
855 3185 884 3237 iu
905 3184 1030 3239 vaticano
1051 3186 1111 3254 ipso
1136 3202 1194 3239 esse
1217 3186 1245 3239 in
1272 3186 1351 3240 initio

224 3280 313 3338 libelli
336 3282 368 3336 rle
390 3278 583 3333 munitionibus
608 3279 756 3331 castrorum
778 3287 813 3346 (p.
832 3280 874 3344 65,
891 3280 908 3334 5
926 3278 971 3347 L):
998 3280 1207 3346 „extensionem“
1229 3279 1270 3348 (in
1288 3294 1351 3348 apo.

110 3364 115 3373 ’
225 3376 337 3446 graphis
361 3374 414 3429 levi
431 3372 526 3427 mendo
549 3372 577 3425 in
599 3371 810 3439 „ostentionem“
825 3342 1097 3438 &tensionem
1116 3375 1259 3437 mutatum)
1278 3373 1306 3425 et
1322 3372 1350 3425 in

225 3470 277 3523 fine
298 3468 414 3539 ejusdem
432 3466 519 3520 libelli
537 3468 572 3534 (p.
591 3448 632 3527 98,Ι
651 3468 689 3527 8l:
709 3464 857 3532 „inundent
873 3466 976 3520 interea
992 3466 1165 3529 meminisse‚“
1183 3482 1292 3534 prorsas
1308 3482 1351 3521 eo·

222 3563 285 3617 dem
302 3562 380 3615 modo
399 3561 475 3614 acin
494 3558 516 3612 B
534 3558 602 3612 etD
622 3534 859 3639 (nonasp-'set

344 3657 373 3687 ¹¹*
391 3628 661 3721 Fcldmeffiffi
679 3666 735 3719 squ.

327 3749 373 3783 ***
393 3764 457 3815 „sna
474 3744 567 3815 grand*
586 3761 666 3813 opera
683 3744 823 3798 intilolata
840 3746 1087 3799 commentariorum
1104 3744 1271 3802 Urbanorum
1286 3740 1350 3803 libri

223 3841 393 3905 xxxvl11‚“
417 3840 582 3902 Tiraboscbi,
605 3838 695 3892 Storia
713 3838 785 3893 della
801 3838 957 3893 litteratura
973 3838 1088 3893 italiana
1105 3839 1166 3907 VII,
1183 3843 1211 3907 3,
1227 3843 1286 3908 805,
1303 3840 1351 3895 lib.

226 3936 264 3989 lV
293 3935 338 3989 fol.
365 3938 400 3991 56
427 3933 553 3988 editionis
580 3931 681 4001 primae
709 3948 752 3987 an.
779 3934 846 3988 1506
874 3936 908 3996 (v.
935 3931 1037 3987 Blume.
1063 3932 1230 3987 Feldmesaer
1254 3933 1290 4000 Π,
1316 3936 1349 3990 11

221 4031 280 4083 not.
308 4030 360 4092 13)-
