2984 4667
219 262 252 329 ³9

182 430 329 513 hostibus
351 430 487 494 adversa
508 430 529 495 i.
548 450 575 495 e.
597 431 630 494 in
653 431 758 495 fronte
781 437 959 495 castrorum
980 433 1160 498 tetendisse
1181 451 1325 506 consen÷

183 554 311 614 taneum
346 554 405 613 est.
449 550 556 614 Etiam
584 552 667 631 apud
689 549 858 631 Polybium
886 556 1010 631 partem
1032 551 1178 616 hostibus
1200 554 1319 616 adver-

111 722 114 728 ,
183 686 251 733 sam
275 668 382 748 copias
405 672 438 733 et
458 673 583 747 portam
606 670 813 733 decumanam
840 670 1044 748 continuisse,
1073 688 1219 734 aversam
1240 688 1317 750 par-

183 792 248 853 tem
272 786 435 852 cohortem
453 788 656 867 praetoriam,
680 805 760 867 qvae
783 806 800 851 a
824 787 919 851 sociis
941 787 1118 867 constabat,
1132 795 1165 853 et
1186 794 1322 869 praeto-

184 906 264 979 riam
287 904 443 985 portam*
466 904 661 985 complexam
685 922 756 969 esse
774 924 832 985 pro
844 911 931 972 certo
950 907 1177 988 exploratoque
1199 906 1319 972 habeo.

182 1021 234 1087 Ita
256 1042 323 1088 rem
352 1024 448 1088 etiam
474 1022 613 1104 Lipsius,
641 1022 967 1103 Becker-Marqvardt
993 1026 1109 1105 aliique
1116 1024 1212 1124 μή
1221 1026 1322 1090 intel-

183 1143 337 1207 lexerunt.
372 1143 446 1206 Alia
463 1143 621 1206 sententia
637 1141 698 1207 fuit
719 1143 824 1206 Nastii
836 1145 873 1181 **
896 1147 929 1207 et
943 1144 1036 1226 Royii
1049 1146 1106 1183 ***
1130 1145 1182 1224 qui
1203 1149 1325 1225 portas

182 1260 267 1326 inter
299 1279 334 1326 se
358 1265 529 1325 mutarunt.
575 1260 657 1324 Huic
687 1261 866 1325 sententiae
895 1280 996 1342 nuper
1029 1262 1178 1344 Nisseni
1210 1267 1244 1327 et
1275 1263 1322 1325 ab

183 1398 220 1445 eo
254 1381 381 1445 illectus
404 1379 591 1460 Marqvardt
604 1379 646 1459 ††
669 1379 796 1445 adsensi
819 1385 902 1444 sunt.
946 1380 1057 1461 Neque
1088 1387 1196 1446 tamen
1228 1385 1324 1446 reeta
1360 1443 1364 1447 ,

183 1504 241 1563 est.
286 1498 417 1563 Miraris
440 1516 527 1577 sane,
557 1499 640 1577 qvod
661 1498 787 1576 Nissen,
810 1501 862 1584 qui
885 1499 1010 1563 Livium
1033 1494 1152 1581 optime
1180 1501 1324 1565 noverit*

184 1618 306 1681 auctori
328 1618 361 1680 in
384 1616 576 1681 militaribus
597 1616 693 1681 rebus
715 1617 810 1696 plane
831 1616 928 1682 infido
951 1624 1076 1682 tantum
1097 1619 1220 1698 tribuit,
1232 1624 1268 1683 ut
1285 1619 1317 1682 ei

184 1738 244 1801 soli
279 1756 313 1801 se
341 1741 429 1801 totns
462 1736 614 1800 traderet.
659 1736 769 1816 Nuper
802 1708 979 1802 rectissime
1014 1739 1140 1819 qvidem
1162 1738 1314 1802 Hankelii

183 1873 368 1935 perversam
392 1854 634 1936 explicationem
656 1854 827 1918 verborum
849 1828 998 1937 Polybii?
1019 1858 1039 1939 ἡ
1063 1855 1137 1917 κατὰ
1160 1826 1320 1939 spernaco

184 1973 307 2057 πλευρὰ,
320 1975 384 2056 †††
417 1992 509 2054 qvam
533 1974 574 2037 ad
607 1972 739 2038 verbum
772 1991 874 2052 paene
908 1974 1042 2038 eandem
1071 1974 1138 2055 jam
1165 1975 1328 2057 Klenae§-

184 2096 359 2175 proposuit,
372 2094 536 2173 refutavit,
549 2094 589 2176 §§¹
611 2093 668 2157 sed
689 2092 776 2173 ipsas
792 2096 903 2173 portas
927 2108 1002 2159 suas
1024 2093 1145 2157 frustra
1164 2093 1318 2158 defendit.

185 2213 329 2277 —Erat
361 2216 466 2277 aetate
500 2212 639 2276 auctoris
672 2210 774 2275 libelli
807 2212 847 2274 de
880 2212 995 2275 castris
1028 2217 1120 2293 porta
1152 2213 1321 2293 praetoria-

183 2332 269 2396 hosti
290 2332 426 2395 adversa
449 2332 489 2412 (c.
512 2329 569 2394 56:
591 2333 684 2409 porta
705 2330 867 2409 praetoria
889 2347 1015 2409 semper
1028 2330 1153 2396 hostem
1169 2336 1314 2412 spectare

186 2450 306 2531 debet),
347 2450 526 2521 decumana,
561 2452 667 2513 autem
700 2452 794 2529 porte
832 2466 946 2512 aversa
979 2448 1012 2510 in
1046 2450 1319 2528 ,eminentissimo

185 2569 282 2634 loco.“
296 2570 353 2652 §§§
387 2569 531 2632 Eandem
547 2567 738 2648 positionem
755 2566 874 2631 habent
892 2565 1041 2631 Caesaris
1063 2571 1171 2631 castra
1192 2567 1233 2631 ad
1257 2567 1312 2631 Sa-

155 2676 251 2751 ‘'bim
288 2688 422 2767 posita*
457 2705 475 2751 e
503 2703 563 2767 qvo
591 2683 721 2766 flumine
743 2686 816 2766 qvin
849 2684 967 2749 milites
992 2685 1169 2749 caesariani
1206 2683 1314 2763 aqiati

306 2853 389 2907 *Per
408 2868 485 2921 qvam
504 2852 633 2906 exercitus
651 2852 707 2907 sine
726 2851 807 2905 dubio
826 2854 915 2904 castra
934 2867 1042 2905 movens
1058 2849 1321 2919 egrediebatur(cfr..

185 2946 279 3016 Polyb.
298 2946 345 3001 VI.
362 2949 404 3009 40,
422 2948 457 3011 l).

288 3041 319 3073 ¹⁸*
337 3038 412 3092 Rom.
430 3038 573 3106 Kriegsalt
591 3037 647 3091 tab.
665 3038 699 3090 D.

276 3134 319 3164 ***
337 3131 393 3184 The
409 3131 530 3200 military
545 3128 705 3205 antiquillus
723 3128 753 3181 of
767 3128 814 3182 the
832 3128 959 3183 Romains
979 3131 1033 3184 tab.
1053 3131 1100 3184 1v.

298 3230 317 3289 †
336 3224 474 3293 Templum
492 3241 518 3292 p.
536 3227 571 3280 40
589 3240 644 3292 sqv.
844 3216 848 3222 ⁴

281 3322 321 3382 ††
340 3318 458 3371 Staatsv.
475 3317 511 3381 II,
529 3318 588 3372 401.
630 3339 632 3343 ·

263 3416 324 3475 †††
342 3411 390 3477 VI,
408 3414 449 3473 27,
469 3414 493 3467 6.

312 3508 326 3569 ξ
344 3503 414 3557 Phil.
432 3502 571 3559 Abhandl.
588 3503 711 3570 herausg.
730 3519 754 3556 v.
773 3503 926 3556 Lachmann
943 3518 970 3571 p.
991 3504 1040 3558 137
1058 3518 1115 3570 sqv.

295 3601 324 3663 ξς
342 3596 416 3651 Neue
432 3596 543 3650 Jahrbr.
561 3612 585 3650 a.
605 3598 672 3653 1881-
689 3612 715 3665 p·
734 3598 785 3652 129
803 3612 858 3664 sqv.
1108 3592 1111 3598 '

270 3689 322 3755 '§§§
341 3690 385 3756 „in
403 3690 546 3744 statuenda
571 3689 718 3743 metatione
735 3690 849 3757 primum
865 3689 953 3742 locum
971 3687 1074 3741 habent
1091 3704 1155 3755 qvae
1172 3703 1203 3739 ex
1220 3700 1318 3751 campo

184 3788 213 3841 in
231 3784 402 3839 eminentiam
428 3784 524 3837 leniter
546 3784 716 3846 attolluntur,
733 3783 762 3835 in
781 3798 832 3850 qva
849 3782 983 3851 positione
1000 3786 1080 3851 porta
1096 3781 1233 3834 decimano
1249 3777 1313 3831 emi·

76 3921 81 3933 ,
184 3878 342 3934 nentissimo
360 3880 418 3931 loco
437 3878 610 3931 constituitur
627 3879 658 3929 ut
669 3866 796 3944 ¹regiones
812 3876 910 3929 castris
928 3874 1108 3942 subjaceant,“
1127 3888 1177 3941 qvo
1190 3888 1250 3925 cnm
1268 3887 1311 3938 op·

183 3974 249 4028 time
268 3972 401 4026 consentit
427 3987 490 4024 usus
516 3972 655 4025 notionum
681 3985 763 4038 supra
781 3971 808 4022 et
825 3968 896 4021 infra
914 3967 1144 4021 constantissimus
1163 3967 1253 4035 (capp.
1270 3966 1310 4026 15,

186 4070 227 4130 18,
246 4070 279 4121 19
298 4068 326 4119 et
343 4058 449 4133 saepe).¹
476 4064 540 4133 (lap.
559 4066 593 4119 24
611 4060 831 4129 „infra“verbum
849 4060 992 4129 discrepat,
1008 4060 1056 4150 sed
1074 4058 1226 4128 conjectura
1243 4058 1314 4110 Lan·

185 4156 224 4230 gii
241 4160 335 4211 natum
352 4156 381 4209 in
399 4154 503 4223 ,juxta“
522 4153 678 4208 mutandum
696 4152 890 4216 essevidetu13
909 4152 955 4208 cfr.
973 4169 995 4206 c.
1013 4156 1055 4209 29.

305 4250 319 4280 *
337 4247 369 4302 Β.
387 4246 420 4305 G.
438 4247 473 4311 II,
493 4250 533 4304 18.
