2984 4667
257 244 289 289 10

122 427 128 433 “
219 411 330 476 addita
351 412 592 479 Valentinianus
621 414 737 479 dieitur
764 432 895 495 praeses
917 434 1039 497 qvoqve
1061 417 1253 497 provinciae,
1276 420 1351 499 qaia

219 531 298 597 haec
330 531 458 613 proprie
492 536 524 595 et
558 532 705 613 primitus
729 538 816 597 certe
837 537 911 613 post
933 532 1115 598 Gallienum
1138 540 1208 600 erat
1229 538 1350 617 praesi-

219 649 315 713 dialis
338 668 439 730 neqve
463 652 589 714 omnino
612 652 795 732 provinciae
818 651 994 731 legatoriae
1017 652 1079 716 nisi
1099 658 1191 718 extra
1205 656 1349 721 ordinem

218 768 397 832 exstabant.
420 805 461 815 -
483 768 532 833 Ne
554 768 674 833 tribuni
696 769 824 849 quidem
846 770 984 833 militum
1006 770 1158 836 laticlavii
1178 777 1253 852 post
1273 772 1349 839 Gal-

220 887 297 950 lieni
320 892 465 967 tempora
488 888 699 969 reperiuntur.
744 888 905 953 Postremi
933 891 1009 952 eunt
1030 888 1067 966 Q.
1089 862 1259 956 Petronius
1280 892 1349 958 Me·

217 1005 304 1070 lior*
327 1010 360 1070 et
382 1005 416 1069 C.
444 962 588 1108 LQius
619 1006 939 1095 Sabinuefiaetate
962 1004 1052 1072 Alex.
1075 1007 1196 1073 Severi.
1239 1010 1350 1092 Neqve

217 1130 324 1189 tamen
354 1125 480 1188 omnino
510 1125 692 1189 tribunatus
722 1126 859 1206 legionis
884 1131 952 1190 tum
973 1126 1043 1192 fere
1065 1128 1210 1192 sublatus
1233 1134 1291 1209 est,
1312 1135 1350 1195 ut

217 1244 294 1309 dicit
321 1242 513 1307 Mommsen:
528 1245 584 1283 *³¹⁴*
619 1247 726 1309 aetate
762 1244 845 1308 euim
879 1243 1018 1310 Gallieni
1049 1246 1111 1310 fuit
1136 1246 1249 1311 Justus
1283 1249 1349 1330 qvi·

219 1364 291 1427 dam
314 1362 461 1427 tribunus
485 1362 553 1426 sine
577 1362 673 1426 dubio
697 1362 865 1444 legionis†
887 1368 921 1428 et
942 1363 1062 1429 tribuni
1076 1365 1212 1430 militum
1228 1367 1269 1431 ab
1283 1374 1349 1431 Au·

217 1481 297 1546 relio
320 1481 402 1545 Viet.
427 1480 518 1545 Caes.
543 1482 594 1560 35,
618 1481 638 1545 8
662 1481 760 1546 etiam
780 1482 957 1562 posteriore
978 1487 1121 1564 tempore
1136 1485 1348 1570 appellantur.

228 1672 230 1679 Α
320 1597 459 1663 Gallieni
482 1597 620 1662 edietum
642 1616 694 1662 res
717 1602 754 1662 ut
774 1599 821 1661 ita
844 1574 946 1662 dicam
968 1599 1137 1664 intestinas
1157 1601 1282 1681 imperii
1295 1620 1348 1666 ro-
1371 1666 1376 1675 ,

216 1718 303 1782 mani
334 1718 536 1797 apertissime
563 1717 706 1781 illustrat
728 1720 761 1781 et
784 1717 936 1781 declarat.
972 1718 1055 1781 Nam
1076 1718 1156 1781 nihil
1178 1718 1266 1783 aliud
1287 1720 1349 1785 fuit

217 1837 279 1901 nisi
300 1837 432 1901 ultimus
454 1836 536 1899 ietus
558 1836 802 1915 Imperatorum,
825 1853 886 1915 qvo
909 1839 1049 1915 sanatae,
1073 1840 1246 1900 conventus
1266 1838 1347 1917 opti·

217 1955 360 2034 matium,
390 1954 443 2034 qvi
471 1971 597 2034 semper
624 1954 758 2034 imperio
781 1955 1012 2033 quodammodo
1035 1954 1213 2033 obstabant,
1237 1956 1277 2019 ad
1298 1955 1346 2019 in·

214 2074 430 2139 ternacionem
462 2092 565 2154 paene
597 2074 729 2137 veniret.
772 2074 945 2155 Imperium
971 2075 1055 2138 enim
1081 2093 1246 2139 romanum
1272 2093 1346 2141 aon·

216 2193 322 2257 stituit
345 2191 379 2256 0.
402 2192 508 2257 Julius
533 2190 661 2269 Caesar,
674 2192 717 2272 ††
745 2191 828 2271 qvod
849 2192 1017 2257 interfecto
1041 2192 1188 2273 Caesare,
1205 2193 1287 2273 qvia,
1309 2199 1346 2259 nt

217 2310 407 2389 saepissime
429 2310 490 2373 riri
514 2308 628 2373 summi
649 2308 779 2388 ingenii,
801 2309 908 2388 adid,
937 2311 1019 2389 qvod
1042 2310 1103 2374 sibi
1123 2316 1343 2391 proposuerat,

216 2427 497 2493 vehementissime
518 2427 795 2507 praecipitaverat,
819 2426 1039 2492 confirmatum
1061 2433 1111 2493 est
1131 2429 1172 2493 ab
1188 2430 1343 2511 Augusto,

216 2547 344 2611 homine
368 2547 509 2611 cautiore
532 2551 565 2611 et
586 2547 838 2627 providentiam,
854 2549 1045 2627 praesertim
1060 2567 1129 2613 eum
1146 2567 1255 2614 omnes
1269 2569 1343 2631 pro-

216 2665 349 2743 vincias,
380 2664 412 2727 in
441 2663 554 2744 quibus
582 2669 653 2729 erat
681 2666 850 2745 exereitus,
883 2684 947 2730 una
972 2668 1179 2749 exeepta†††
1205 2668 1276 2733 sibi·
1292 2687 1344 2733 as-

213 2788 359 2866 sumptas
390 2784 467 2848 viris
494 2784 664 2847 maximam
691 2789 816 2865 partem
844 2786 1013 2850 senatoriis
1040 2786 1105 2851 illis
1127 2788 1262 2869 quidem,
1286 2790 1344 2854 sed

99 2877 101 2881 Ι
212 2924 234 2969 a
259 2922 294 2969 se
317 2904 427 2969 electis
449 2904 601 2968 traderet.
645 2904 748 2983 Atqve
771 2880 807 2967 ut
828 2908 973 2968 senatum
996 2906 1092 2969 etiam
1113 2907 1215 2987 magis
1237 2909 1343 2989 oppri-

216 3027 350 3103 merent,
379 3024 490 3088 eodem
520 3022 653 3086 oonsilio
676 3022 885 3103 imperatores
906 3023 1078 3088 utebantur
1100 3042 1137 3087 ae
1158 3026 1343 3106 republica

109 3160 114 3169 ·
218 3143 322 3207 libera
348 3142 535 3223 populares:
564 3141 714 3207 favebant
741 3144 898 3224 equitibus
920 3145 1059 3208 romanis
1077 3162 1199 3226 ‘eosque
1220 3147 1343 3226 paulla-

213 3260 272 3324 tim
295 3264 329 3324 et
350 3260 508 3339 gradatim
532 3262 573 3325 ad
596 3279 736 3326 summos
758 3262 894 3327 honores
917 3262 1121 3327 extollebant.
1159 3265 1263 3345 HuJ'us
1286 3285 1342 3347 op-

212 3379 388 3460 pressionis
421 3379 604 3445 testimonia
637 3385 711 3444 sunt
737 3380 1013 3461 frequentissimae
1042 3386 1273 3450 senatoriomm
1295 3386 1342 3449 vi-

211 3552 419 3563 ι--ι-ιι---οι---ι-ιι

350 3650 366 3683 *
385 3647 531 3701 Mommsen
549 3649 602 3701 Str.
623 3652 634 3681 ²
656 3653 679 3713 1,
698 3651 757 3712 527,
775 3665 801 3703 n.
818 3652 842 3705 3.

331 3743 365 3776 *⁴*
384 3740 464 3795 Orell.
482 3741 694 3799 3143=Wilm
714 3744 789 3799 1215.

314 3835 365 3869 ***
385 3834 438 3887 Str.
459 3840 469 3869 ²
490 3835 509 3887 l.
527 3835 545 3888 l.

349 3932 491 3993 †Henzeu
510 3928 720 3985 oret-:wilm
740 3930 815 3985 1498.

332 4024 367 4086 ††
385 4020 540 4083 Mommsen,
557 4021 631 4075 Rem.
650 4020 743 4075 Gasoh.
764 4026 788 4085 ⁶,
806 4022 856 4089 ΙΙΙ,
873 4023 925 4079 476
942 4039 998 4092 sqv.

201 4152 204 4159 .
309 4117 367 4179 ἢῆ
384 4113 444 4168 Tae.
463 4115 535 4167 Hist.
553 4114 599 4182 IV,
618 4118 658 4171 48.
