2984 4667
1210 274 1242 324 41

148 445 275 527 simus):
300 446 478 526 ,sciendum
500 449 609 509 temen
631 449 681 509 est
703 444 824 525 oqvites
852 448 943 507 extra
964 444 1082 508 vallum
1106 449 1279 509 nocturnas
1291 442 1315 626 Ι

148 564 297 630 excubias
321 563 427 629 iecere
450 563 599 639 debere’';
623 580 809 644 qvnmqvam
834 562 885 642 qvi
908 562 1030 642 equites
1052 561 1180 641 fuerint,
1215 580 1279 626 non

148 682 236 747 dicit.
283 683 375 769 Qvod
407 687 513 747 eutem
541 682 646 746 addit:
674 699 748 762 „per
775 681 859 745 diem
888 686 994 744 eutem
1024 682 1138 744 eastris
1164 681 1278 761 positis

148 802 203 866 elii
225 819 319 865 mane
342 800 396 865 alii
417 806 492 882 post
518 800 682 865 meridiem
710 804 842 881 propter
869 798 1089 878 fatigationem
1118 798 1280 863 hominum

148 938 362 1001 eqvorumqve
407 921 553 1001 agrarias
596 918 745 998 faciunt',
786 919 827 983 ad
870 918 1073 1001 praecipuum
1113 918 1280 982 consilium

147 1039 296 1120 pertinet,
320 1039 402 1120 qvod
424 1045 536 1104 auctor
556 1038 659 1104 libelli
687 1039 809 1116 omisit;
838 1038 995 1119 quomodo
1022 1038 1055 1101 in
1077 1037 1137 1101 hac
1158 1055 1194 1101 re
1216 1042 1281 1100 ter-

147 1159 193 1222 tio
217 1158 349 1233 saeculo
368 1159 501 1239 egerint,
524 1163 606 1224 teste
629 1158 774 1238 Vegetio,
798 1157 925 1227 bomine
947 1156 1044 1220 infido
1068 1161 1101 1220 et
1122 1157 1281 1237 posterio-

148 1278 193 1340 ris
216 1277 341 1354 aetatis,
365 1276 445 1340 nihil
468 1277 546 1342 certi
569 1278 631 1342 dici
653 1282 769 1359 potest.
815 1276 904 1341 Alios
926 1276 1048 1357 eqvites
1071 1277 1102 1338 in
1126 1276 1282 1339 stationes

149 1396 342 1459 successisse
378 1395 594 1459 existimemus
622 1402 759 1477 [necesse
792 1413 855 1460 non
883 1406 947 1472 est3
974 1413 1075 1475 neqve
1103 1394 1186 1458 enim
1215 1412 1280 1458 am·

129 1504 277 1593 'bigitun
303 1512 535 1613 welites
569 1514 691 1594 quibus,
727 1518 764 1577 ut
790 1514 864 1591 dixi,
887 1514 1033 1578 custodia
1052 1512 1129 1577 valli
1151 1484 1312 1594 Polybisl

147 1632 347 1712 temporibus
374 1632 495 1697 eredita
522 1638 601 1710 erat,
628 1651 687 1713 per
713 1633 782 1696 dies
810 1634 1009 1721 neptesque*
1047 1631 1220 1696 secundum
1247 1631 1281 1694 id
1350 1653 1374 1711 ς

148 1749 368 1815 exoubuerint.
413 1751 460 1815 Ae
492 1751 543 1815 vix
571 1751 733 1832 qvisqvam
763 1768 825 1813 non
854 1751 1023 1831 intellegit,
1049 1736 1181 1814 neeesse
1218 1767 1281 1812 non

55 1858 61 1871 '
149 1866 251 1932 luisse
274 1887 385 1933 omnes
416 1870 538 1950 eqvites
566 1888 624 1951 per
651 1874 751 1933 totam
781 1873 906 1933 noctem
936 1869 1024 1949 eqvis
1050 1868 1205 1946 insidere;
1234 1869 1285 1949 rel
1340 1866 1371 1918 s

150 1987 233 2051 enim
257 1988 290 2051 in
314 2006 352 2051 eo
379 1988 577 2066 versabatur,
601 1992 637 2051 ut
660 1988 797 2070 expediti
827 1989 949 2068 equites
977 1992 1068 2051 extra
1094 1993 1204 2069 portes
1231 2005 1281 2052 es·

149 2110 230 2183 sent,
242 2106 295 2186 qvi
316 2105 441 2170 hostem
459 2107 762 2188 appropinqvantem
780 2107 1008 2187 proturbarent
1024 2112 1057 2170 et
1067 2112 1177 2187 portas
1189 2125 1279 2188 aper·

149 2227 200 2287 tas
233 2223 451 2289 defenderent.
486 2224 660 2289 Praeterea
693 2225 940 2303 meminerimus,
974 2224 1048 2305 plus
1081 2227 1187 2290 oneris
1214 2243 1282 2289 om-

85 2362 115 2407 n
146 2326 223 2437 §ino
247 2342 426 2421 legionibus
449 2342 649 2421 adsignatum
675 2361 756 2407 esse.

252 2460 403 2542 Exceptis
425 2461 525 2543 copiis
549 2461 737 2542 quibusdum
767 2467 949 2527 retenturae
972 2481 1081 2529 omnes
1104 2470 1281 2531 castrorum
1342 2531 1346 2537 ,
1409 2498 1441 2517 1·

150 2578 268 2643 milites
292 2578 424 2643 tendere
447 2579 606 2643 debebant
627 2598 684 2661 per
706 2581 834 2661 strigae,
857 2599 937 2661 qvae
955 2583 1020 2646 120
1039 2584 1138 2664 pedes
1154 2584 1279 2664 longae,
1324 2577 1360 2627 ²³
1395 2600 1400 2607 ·
1477 2610 1480 2617 ¹

150 2696 193 2761 60
223 2680 323 2778 pedes
358 2697 444 2761 latae
478 2702 578 2762 erant.
623 2698 711 2763 Intra
738 2700 799 2765 hoc
832 2700 970 2782 spatium
1002 2702 1049 2765 ita
1080 2704 1231 2766 contrarii
1244 2704 1282 2743 *³¹¹
1447 2735 1450 2741 ·

148 2816 322 2880 tendebant
347 2818 410 2880 200
431 2816 556 2897 pedites
578 2818 628 2881 vel
652 2818 695 2882 80
716 2819 849 2899 eqviteS,
872 2820 961 2884 utin
985 2818 1047 2883 100
1067 2822 1192 2900 pedites
1213 2822 1280 2886 lon·
1329 2788 1336 2801 l
1418 2795 1430 2830 '¹

149 2934 260 3014 gitudo
285 2936 349 3000 120
370 2936 486 3017 pedum
505 2941 537 3000 et
554 2936 689 3002 latitudo
708 2939 751 3001 30
766 2940 883 3018 pedum
901 2943 1161 3019 computarentur
1175 2942 1225 3005 vel
1240 2942 1276 3024 1}

147 3070 204 3131 pes
224 3054 431 3133 longitudinis
452 3052 484 3115 in
502 3071 625 3117 omnem
643 3056 798 3135 peditem;
816 3057 847 3118 in
865 3057 1002 3137 eqvitem
1019 3061 1135 3134 autem,
1149 3059 1201 3138 qvi
1216 3077 1281 3123 non

148 3170 241 3234 modo
266 3189 391 3252 equum,
405 3172 463 3236 sed
481 3172 576 3236 etiam
595 3150 758 3237 custodem
776 3175 847 3256 eqni
864 3174 1003 3239 habebat
1014 3175 1056 3251 (v.
1068 3193 1095 3239 e.
1108 3194 1138 3256 g.
1149 3176 1280 3242 Bramb.
1323 3175 1329 3205 ⁵

147 3287 236 3371 990),
271 3290 290 3353 3
313 3291 411 3370 pedes
438 3289 645 3371 longitudinis
662 3292 936 3375 computabantur,
955 3294 1034 3357 utin
1054 3295 1165 3358 eedem
1181 3298 1279 3376 pede-

147 3412 220 3472 tura
286 3404 432 3488 'eqvites
456 3415 658 3490 ponerentur.
671 3412 726 3451 ***
756 3411 1031 3492 eomputationem
1049 3418 1161 3477 auctor
1176 3414 1278 3479 libelli
1307 3424 1312 3459 ἓ

41 3722 44 3727 Ι
272 3643 395 3712 'Polyb
417 3643 463 3706 VI,
482 3646 525 3707 35,
543 3647 570 3701 5:
597 3644 653 3699 aad*
673 3646 776 3717 ἡμέραν,
795 3646 864 3715 qvod
891 3648 973 3699 etiem
991 3646 1038 3710 VI,
1053 3651 1097 3711 36,
1115 3651 1132 3703 5
1150 3649 1182 3701 de
1199 3655 1279 3705 nocte

147 3735 252 3789 dicitur.

251 3830 279 3859 ⁷⁴*
298 3827 327 3882 P.
347 3832 388 3885 66.
406 3834 423 3885 6
441 3830 497 3883 sine
521 3831 602 3884 dubio
621 3830 788 3884 scribendum
807 3836 848 3885 est
866 3836 992 3885 contrarii
1010 3834 1051 3888 vel
1071 3848 1162 3890 eontra
1175 3857 1211 3901 aa,
1230 3839 1276 3892 eir.

147 3938 168 3975 ο.
188 3924 205 3977 e
222 3938 248 3990 p.
267 3925 309 3985 ea,
329 3926 370 3979 15.
938 3917 941 3921 ’

235 4017 278 4046 ***
296 4016 336 4069 De
358 4016 409 4069 hae
426 4032 455 4075 re
475 4016 529 4086 jem
548 4018 639 4086 Lange
657 4017 704 4085 (ad
722 4017 793 4086 Hyg.
812 4035 837 4087 p.
856 4022 904 4074 101
924 4028 991 4087 sqv.)
1010 4023 1116 4077 omnino
1135 4027 1204 4078 recte
1222 4024 1277 4079 dis-

148 4110 267 4176 putavit,
293 4125 378 4177 neqve
404 4112 492 4164 tamen
519 4111 564 4164 ria
590 4112 784 4164 transversaria
810 4112 880 4165 inter
911 4116 1029 4169 tentoria
1058 4119 1219 4171 centurionis
1249 4123 1279 4174 et
