<?xml version="1.0" encoding="UTF-8"?>
<!DOCTYPE html PUBLIC "-//W3C//DTD XHTML 1.0 Transitional//EN"
    "http://www.w3.org/TR/xhtml1/DTD/xhtml1-transitional.dtd">
<html xmlns="http://www.w3.org/1999/xhtml" xml:lang="en" lang="en">
 <head>
  <title>
</title>
<meta http-equiv="Content-Type" content="text/html;charset=utf-8" />
  <meta name='ocr-system' content='tesseract 3.04.00' />
  <meta name='ocr-capabilities' content='ocr_page ocr_carea ocr_par ocr_line ocrx_word'/>
</head>
<body>
  <div class='ocr_page' id='page_1' title='image "./decastrishygini00ursigoog_0029.png"; bbox 0 0 2984 4667; ppageno 0'>
   <div class='ocr_carea' id='block_1_1' title="bbox 1027 192 1188 234">
    <p class='ocr_par' dir='ltr' id='par_1_1' title="bbox 1027 192 1188 234">
     <span class='ocr_line' id='line_1_1' title="bbox 1027 192 1188 234; baseline 0.006 -6"><span class='ocrx_word' id='word_1_1' title='bbox 1027 227 1031 234; x_wconf 75' lang='grc'><strong>,</strong></span> <span class='ocrx_word' id='word_1_2' title='bbox 1142 192 1188 229; x_wconf 79' lang='lat'>111</span> 
     </span>
    </p>
   </div>
   <div class='ocr_carea' id='block_1_2' title="bbox 89 346 1250 3072">
    <p class='ocr_par' dir='ltr' id='par_1_2' title="bbox 90 346 1222 432">
     <span class='ocr_line' id='line_1_2' title="bbox 90 346 1222 432; baseline 0.004 -21"><span class='ocrx_word' id='word_1_3' title='bbox 90 346 302 413; x_wconf 83' lang='lat' dir='ltr'>confirmet*</span> <span class='ocrx_word' id='word_1_4' title='bbox 346 347 455 427; x_wconf 81' lang='lat' dir='ltr'>Neque</span> <span class='ocrx_word' id='word_1_5' title='bbox 495 347 550 413; x_wconf 86' lang='lat' dir='ltr'>ille</span> <span class='ocrx_word' id='word_1_6' title='bbox 588 348 671 412; x_wconf 82' lang='lat' dir='ltr'>alter</span> <span class='ocrx_word' id='word_1_7' title='bbox 704 348 804 413; x_wconf 87' lang='lat' dir='ltr'>codex</span> <span class='ocrx_word' id='word_1_8' title='bbox 838 348 958 428; x_wconf 82' lang='lat' dir='ltr'>primae</span> <span class='ocrx_word' id='word_1_9' title='bbox 998 349 1121 429; x_wconf 73' lang='lat' dir='ltr'>classis</span> <span class='ocrx_word' id='word_1_10' title='bbox 1161 368 1222 432; x_wconf 87' lang='lat' dir='ltr'>qvo</span> 
     </span>
    </p>

    <p class='ocr_par' dir='ltr' id='par_1_3' title="bbox 89 468 1222 550">
     <span class='ocr_line' id='line_1_3' title="bbox 89 468 1222 550; baseline 0.004 -19"><span class='ocrx_word' id='word_1_11' title='bbox 89 485 171 532; x_wconf 89' lang='lat' dir='ltr'>usus</span> <span class='ocrx_word' id='word_1_12' title='bbox 200 474 251 533; x_wconf 89' lang='lat' dir='ltr'>est</span> <span class='ocrx_word' id='word_1_13' title='bbox 277 468 446 549; x_wconf 69' lang='lat' dir='ltr'>lugaidus,</span> <span class='ocrx_word' id='word_1_14' title='bbox 474 472 581 549; x_wconf 90' lang='lat' dir='ltr'>potest</span> <span class='ocrx_word' id='word_1_15' title='bbox 608 486 690 548; x_wconf 85' lang='lat' dir='ltr'>csse,</span> <span class='ocrx_word' id='word_1_16' title='bbox 715 468 788 550; x_wconf 82' lang='lat' dir='ltr'>quin</span> <span class='ocrx_word' id='word_1_17' title='bbox 809 468 837 532; x_wconf 89' lang='lat' dir='ltr'>is</span> <span class='ocrx_word' id='word_1_18' title='bbox 861 487 900 533; x_wconf 91' lang='lat' dir='ltr'>ex</span> <span class='ocrx_word' id='word_1_19' title='bbox 927 470 1090 535; x_wconf 84' lang='lat' dir='ltr'>arceriano</span> <span class='ocrx_word' id='word_1_20' title='bbox 1114 471 1222 535; x_wconf 88' lang='lat' dir='ltr'>codice</span> 
     </span>
    </p>

    <p class='ocr_par' dir='ltr' id='par_1_4' title="bbox 90 588 1224 670">
     <span class='ocr_line' id='line_1_4' title="bbox 90 588 1224 670; baseline 0.004 -19"><span class='ocrx_word' id='word_1_21' title='bbox 90 588 163 669; x_wconf 88' lang='lat' dir='ltr'>ipso</span> <span class='ocrx_word' id='word_1_22' title='bbox 176 593 247 653; x_wconf 84' lang='lat' dir='ltr'>erat</span> <span class='ocrx_word' id='word_1_23' title='bbox 259 588 447 670; x_wconf 67' lang='lat' dir='ltr'>descriptus</span> <span class='ocrx_word' id='word_1_24' title='bbox 460 590 496 629; x_wconf 80' lang='lat'>**</span> <span class='ocrx_word' id='word_1_25' title='bbox 520 588 603 668; x_wconf 91' lang='lat' dir='ltr'>qvod</span> <span class='ocrx_word' id='word_1_26' title='bbox 620 588 652 652; x_wconf 92' lang='lat' dir='ltr'>in</span> <span class='ocrx_word' id='word_1_27' title='bbox 670 588 846 668; x_wconf 84' lang='lat' dir='ltr'>parisinum</span> <span class='ocrx_word' id='word_1_28' title='bbox 857 606 920 652; x_wconf 92' lang='lat' dir='ltr'>non</span> <span class='ocrx_word' id='word_1_29' title='bbox 936 590 1079 669; x_wconf 82' lang='lat' dir='ltr'>quadret.</span> <span class='ocrx_word' id='word_1_30' title='bbox 1094 591 1147 631; x_wconf 82' lang='lat'>***</span> <span class='ocrx_word' id='word_1_31' title='bbox 1181 592 1224 655; x_wconf 88' lang='lat' dir='ltr'>Et</span> 
     </span>
    </p>

    <p class='ocr_par' dir='ltr' id='par_1_5' title="bbox 91 701 1250 909">
     <span class='ocr_line' id='line_1_5' title="bbox 93 701 1250 793; baseline 0.001 -21"><span class='ocrx_word' id='word_1_32' title='bbox 93 708 264 789; x_wconf 82' lang='lat' dir='ltr'>Rigaltins,</span> <span class='ocrx_word' id='word_1_33' title='bbox 288 713 437 789; x_wconf 84' lang='lat' dir='ltr'>qvcntum</span> <span class='ocrx_word' id='word_1_34' title='bbox 461 708 530 789; x_wconf 90' lang='lat' dir='ltr'>ejus</span> <span class='ocrx_word' id='word_1_35' title='bbox 553 708 659 773; x_wconf 90' lang='lat' dir='ltr'>verbis</span> <span class='ocrx_word' id='word_1_36' title='bbox 676 709 853 793; x_wconf 49' lang='lat' dir='ltr'>crede-mus,</span> <span class='ocrx_word' id='word_1_37' title='bbox 876 701 942 773; x_wconf 80' lang='lat' dir='ltr'>ties</span> <span class='ocrx_word' id='word_1_38' title='bbox 957 714 1081 775; x_wconf 87' lang='lat' dir='ltr'>tentum</span> <span class='ocrx_word' id='word_1_39' title='bbox 1098 711 1250 791; x_wconf 72' lang='lat' dir='ltr'>codices!</span> 
     </span>
     <span class='ocr_line' id='line_1_6' title="bbox 91 826 1223 909; baseline 0.004 -19"><span class='ocrx_word' id='word_1_40' title='bbox 91 829 217 909; x_wconf 85' lang='lat' dir='ltr'><strong>primae</strong></span> <span class='ocrx_word' id='word_1_41' title='bbox 245 827 357 893; x_wconf 80' lang='lat' dir='ltr'>classis</span> <span class='ocrx_word' id='word_1_42' title='bbox 386 827 532 907; x_wconf 81' lang='lat' dir='ltr'>habebat,</span> <span class='ocrx_word' id='word_1_43' title='bbox 557 847 574 893; x_wconf 89' lang='lat' dir='ltr'>e</span> <span class='ocrx_word' id='word_1_44' title='bbox 596 828 709 909; x_wconf 83' lang='lat' dir='ltr'>quibus</span> <span class='ocrx_word' id='word_1_45' title='bbox 731 827 856 907; x_wconf 84' lang='lat' dir='ltr'>tertius,</span> <span class='ocrx_word' id='word_1_46' title='bbox 879 826 1104 909; x_wconf 80' lang='lat' dir='ltr'>Scaligerenus</span> <span class='ocrx_word' id='word_1_47' title='bbox 1127 830 1223 894; x_wconf 85' lang='lat' dir='ltr'>etiem</span> 
     </span>
    </p>

    <p class='ocr_par' dir='ltr' id='par_1_6' title="bbox 90 947 1223 1031">
     <span class='ocr_line' id='line_1_7' title="bbox 90 947 1223 1031; baseline 0.002 -18"><span class='ocrx_word' id='word_1_48' title='bbox 90 968 178 1014; x_wconf 91' lang='lat' dir='ltr'>nunc</span> <span class='ocrx_word' id='word_1_49' title='bbox 211 949 358 1030; x_wconf 83' lang='lat' dir='ltr'>Lugduni</span> <span class='ocrx_word' id='word_1_50' title='bbox 392 949 584 1014; x_wconf 80' lang='lat' dir='ltr'>Batavorum</span> <span class='ocrx_word' id='word_1_51' title='bbox 621 954 777 1015; x_wconf 83' lang='lat' dir='ltr'>servetur.</span> <span class='ocrx_word' id='word_1_52' title='bbox 822 947 930 1014; x_wconf 81' lang='lat' dir='ltr'>Codex</span> <span class='ocrx_word' id='word_1_53' title='bbox 962 951 1046 1015; x_wconf 92' lang='lat' dir='ltr'>euim</span> <span class='ocrx_word' id='word_1_54' title='bbox 1080 952 1223 1031; x_wconf 88' lang='lat' dir='ltr'>Herveti,</span> 
     </span>
    </p>

    <p class='ocr_par' dir='ltr' id='par_1_7' title="bbox 90 1069 1224 1154">
     <span class='ocr_line' id='line_1_8' title="bbox 90 1069 1224 1154; baseline 0.002 -21"><span class='ocrx_word' id='word_1_55' title='bbox 90 1088 189 1150; x_wconf 91' lang='lat' dir='ltr'>qvem</span> <span class='ocrx_word' id='word_1_56' title='bbox 213 1070 384 1151; x_wconf 84' lang='lat' dir='ltr'>seperatim</span> <span class='ocrx_word' id='word_1_57' title='bbox 407 1075 571 1149; x_wconf 83' lang='lat' dir='ltr'>memoret,</span> <span class='ocrx_word' id='word_1_58' title='bbox 595 1070 736 1151; x_wconf 81' lang='lat' dir='ltr'>Rigaltio</span> <span class='ocrx_word' id='word_1_59' title='bbox 759 1069 866 1134; x_wconf 90' lang='lat' dir='ltr'>nullus</span> <span class='ocrx_word' id='word_1_60' title='bbox 911 1069 982 1150; x_wconf 87' lang='lat' dir='ltr'>fuit,</span> <span class='ocrx_word' id='word_1_61' title='bbox 1005 1076 1041 1134; x_wconf 89' lang='lat' dir='ltr'>ut</span> <span class='ocrx_word' id='word_1_62' title='bbox 1059 1069 1126 1154; x_wconf 84' lang='lat' dir='ltr'>jem</span> <span class='ocrx_word' id='word_1_63' title='bbox 1148 1072 1224 1135; x_wconf 87' lang='lat' dir='ltr'>Nie-</span> 
     </span>
    </p>

    <p class='ocr_par' dir='ltr' id='par_1_8' title="bbox 90 1189 1224 1272">
     <span class='ocr_line' id='line_1_9' title="bbox 90 1189 1224 1272; baseline 0.003 -19"><span class='ocrx_word' id='word_1_64' title='bbox 90 1189 211 1272; x_wconf 81' lang='lat' dir='ltr'>buhr†</span> <span class='ocrx_word' id='word_1_65' title='bbox 244 1195 277 1254; x_wconf 90' lang='lat' dir='ltr'>et</span> <span class='ocrx_word' id='word_1_66' title='bbox 298 1189 464 1270; x_wconf 73' lang='lat' dir='ltr'>Blumett</span> <span class='ocrx_word' id='word_1_67' title='bbox 496 1189 738 1268; x_wconf 79' lang='lat' dir='ltr'>intellexeruut3</span> <span class='ocrx_word' id='word_1_68' title='bbox 773 1207 833 1270; x_wconf 89' lang='lat' dir='ltr'>ego</span> <span class='ocrx_word' id='word_1_69' title='bbox 868 1206 990 1269; x_wconf 83' lang='lat' dir='ltr'>qvoqve</span> <span class='ocrx_word' id='word_1_70' title='bbox 1024 1209 1092 1255; x_wconf 88' lang='lat' dir='ltr'>rem</span> <span class='ocrx_word' id='word_1_71' title='bbox 1120 1193 1224 1256; x_wconf 88' lang='lat' dir='ltr'>denuo</span> 
     </span>
    </p>

    <p class='ocr_par' dir='ltr' id='par_1_9' title="bbox 93 1309 1224 1393">
     <span class='ocr_line' id='line_1_10' title="bbox 93 1309 1224 1393; baseline 0.002 -20"><span class='ocrx_word' id='word_1_72' title='bbox 93 1310 317 1391; x_wconf 78' lang='lat' dir='ltr'>pervestigans</span> <span class='ocrx_word' id='word_1_73' title='bbox 350 1328 389 1374; x_wconf 88' lang='lat' dir='ltr'>ne</span> <span class='ocrx_word' id='word_1_74' title='bbox 422 1328 517 1373; x_wconf 84' lang='lat' dir='ltr'>unam</span> <span class='ocrx_word' id='word_1_75' title='bbox 541 1309 666 1390; x_wconf 83' lang='lat' dir='ltr'>quidem</span> <span class='ocrx_word' id='word_1_76' title='bbox 690 1310 881 1390; x_wconf 77' lang='lat' dir='ltr'><strong>scripturam</strong></span> <span class='ocrx_word' id='word_1_77' title='bbox 911 1310 1046 1393; x_wconf 81' lang='lat' dir='ltr'>„codicis</span> <span class='ocrx_word' id='word_1_78' title='bbox 1075 1311 1224 1376; x_wconf 80' lang='lat' dir='ltr'>Horreti“</span> 
     </span>
    </p>

    <p class='ocr_par' dir='ltr' id='par_1_10' title="bbox 95 1428 1226 1512">
     <span class='ocr_line' id='line_1_11' title="bbox 95 1428 1226 1512; baseline 0.004 -20"><span class='ocrx_word' id='word_1_79' title='bbox 95 1429 182 1509; x_wconf 84' lang='lat' dir='ltr'>apud</span> <span class='ocrx_word' id='word_1_80' title='bbox 205 1428 380 1509; x_wconf 82' lang='lat' dir='ltr'>Rigaltium</span> <span class='ocrx_word' id='word_1_81' title='bbox 402 1428 518 1507; x_wconf 82' lang='lat' dir='ltr'>inveni,</span> <span class='ocrx_word' id='word_1_82' title='bbox 542 1447 621 1509; x_wconf 82' lang='lat' dir='ltr'>qvae</span> <span class='ocrx_word' id='word_1_83' title='bbox 644 1447 706 1493; x_wconf 91' lang='lat' dir='ltr'>non</span> <span class='ocrx_word' id='word_1_84' title='bbox 730 1429 773 1494; x_wconf 90' lang='lat' dir='ltr'>sit</span> <span class='ocrx_word' id='word_1_85' title='bbox 794 1429 891 1494; x_wconf 85' lang='lat' dir='ltr'>etiem</span> <span class='ocrx_word' id='word_1_86' title='bbox 913 1430 945 1492; x_wconf 93' lang='lat' dir='ltr'>in</span> <span class='ocrx_word' id='word_1_87' title='bbox 969 1449 1051 1512; x_wconf 77' lang='lat' dir='ltr'>„ven</span> <span class='ocrx_word' id='word_1_88' title='bbox 1075 1431 1148 1495; x_wconf 77' lang='lat' dir='ltr'>leot,</span> <span class='ocrx_word' id='word_1_89' title='bbox 1170 1451 1226 1496; x_wconf 88' lang='lat' dir='ltr'>en·</span> 
     </span>
    </p>

    <p class='ocr_par' dir='ltr' id='par_1_11' title="bbox 94 1547 1224 1633">
     <span class='ocr_line' id='line_1_12' title="bbox 94 1547 1224 1633; baseline 0.001 -20"><span class='ocrx_word' id='word_1_90' title='bbox 94 1547 331 1613; x_wconf 79' lang='lat' dir='ltr'>notationibus”</span> <span class='ocrx_word' id='word_1_91' title='bbox 362 1548 510 1612; x_wconf 88' lang='lat' dir='ltr'>Turnebi.</span> <span class='ocrx_word' id='word_1_92' title='bbox 523 1548 586 1631; x_wconf 62' lang='grc'>111</span> <span class='ocrx_word' id='word_1_93' title='bbox 630 1548 729 1613; x_wconf 85' lang='lat' dir='ltr'>Recte</span> <span class='ocrx_word' id='word_1_94' title='bbox 752 1548 851 1629; x_wconf 88' lang='lat' dir='ltr'>igitur</span> <span class='ocrx_word' id='word_1_95' title='bbox 879 1549 955 1613; x_wconf 90' lang='lat' dir='ltr'>dicit</span> <span class='ocrx_word' id='word_1_96' title='bbox 981 1549 1094 1614; x_wconf 92' lang='lat' dir='ltr'>Blume</span> <span class='ocrx_word' id='word_1_97' title='bbox 1118 1550 1153 1633; x_wconf 92' lang='grc'><strong>(1.</strong></span> <span class='ocrx_word' id='word_1_98' title='bbox 1177 1551 1224 1631; x_wconf 81' lang='lat' dir='ltr'><strong>l.):</strong></span> 
     </span>
    </p>

    <p class='ocr_par' dir='ltr' id='par_1_12' title="bbox 100 1668 1225 1751">
     <span class='ocr_line' id='line_1_13' title="bbox 100 1668 1225 1751; baseline 0.001 -18"><span class='ocrx_word' id='word_1_99' title='bbox 100 1671 189 1751; x_wconf 80' lang='lat' dir='ltr'>„dass</span> <span class='ocrx_word' id='word_1_100' title='bbox 219 1668 326 1735; x_wconf 90' lang='lat' dir='ltr'>ferner</span> <span class='ocrx_word' id='word_1_101' title='bbox 353 1670 411 1735; x_wconf 89' lang='lat' dir='ltr'>der</span> <span class='ocrx_word' id='word_1_102' title='bbox 438 1669 538 1733; x_wconf 85' lang='lat' dir='ltr'>codex</span> <span class='ocrx_word' id='word_1_103' title='bbox 564 1668 695 1733; x_wconf 86' lang='lat' dir='ltr'>Herveti</span> <span class='ocrx_word' id='word_1_104' title='bbox 718 1670 783 1733; x_wconf 89' lang='lat' dir='ltr'>und</span> <span class='ocrx_word' id='word_1_105' title='bbox 806 1670 906 1733; x_wconf 87' lang='lat' dir='ltr'>codex</span> <span class='ocrx_word' id='word_1_106' title='bbox 927 1669 1069 1735; x_wconf 86' lang='lat' dir='ltr'>Memmii</span> <span class='ocrx_word' id='word_1_107' title='bbox 1088 1689 1149 1735; x_wconf 85' lang='lat' dir='ltr'>von</span> <span class='ocrx_word' id='word_1_108' title='bbox 1171 1671 1225 1734; x_wconf 91' lang='lat' dir='ltr'>Ri-</span> 
     </span>
    </p>

    <p class='ocr_par' dir='ltr' id='par_1_13' title="bbox 100 1788 1228 1871">
     <span class='ocr_line' id='line_1_14' title="bbox 100 1788 1228 1871; baseline 0.002 -18"><span class='ocrx_word' id='word_1_109' title='bbox 100 1796 175 1870; x_wconf 89' lang='lat' dir='ltr'>gent</span> <span class='ocrx_word' id='word_1_110' title='bbox 206 1790 320 1854; x_wconf 83' lang='lat' dir='ltr'>immor</span> <span class='ocrx_word' id='word_1_111' title='bbox 347 1789 395 1853; x_wconf 84' lang='lat' dir='ltr'>els</span> <span class='ocrx_word' id='word_1_112' title='bbox 424 1790 501 1852; x_wconf 86' lang='lat' dir='ltr'>zuei</span> <span class='ocrx_word' id='word_1_113' title='bbox 528 1788 754 1853; x_wconf 86' lang='lat' dir='ltr'>verschiedene</span> <span class='ocrx_word' id='word_1_114' title='bbox 785 1789 1033 1854; x_wconf 85' lang='lat' dir='ltr'>Hendschriiten</span> <span class='ocrx_word' id='word_1_115' title='bbox 1057 1789 1228 1871; x_wconf 87' lang='lat' dir='ltr'>eugeiiihrt</span> 
     </span>
    </p>

    <p class='ocr_par' dir='ltr' id='par_1_14' title="bbox 98 1890 1226 1990">
     <span class='ocr_line' id='line_1_15' title="bbox 98 1890 1226 1990; baseline -0.001 -15"><span class='ocrx_word' id='word_1_116' title='bbox 98 1911 234 1988; x_wconf 81' lang='lat' dir='ltr'>werden,</span> <span class='ocrx_word' id='word_1_117' title='bbox 267 1910 419 1990; x_wconf 88' lang='lat' dir='ltr'>beseitigt</span> <span class='ocrx_word' id='word_1_118' title='bbox 446 1908 514 1973; x_wconf 91' lang='lat' dir='ltr'>sich</span> <span class='ocrx_word' id='word_1_119' title='bbox 547 1909 698 1987; x_wconf 82' lang='lat' dir='ltr'>dadurch,</span> <span class='ocrx_word' id='word_1_120' title='bbox 733 1890 809 1974; x_wconf 83' lang='lat' dir='ltr'>dass</span> <span class='ocrx_word' id='word_1_121' title='bbox 837 1929 873 1974; x_wconf 90' lang='lat' dir='ltr'>er</span> <span class='ocrx_word' id='word_1_122' title='bbox 896 1916 991 1975; x_wconf 88' lang='lat' dir='ltr'>untcr</span> <span class='ocrx_word' id='word_1_123' title='bbox 1018 1911 1091 1975; x_wconf 93' lang='lat' dir='ltr'>dem</span> <span class='ocrx_word' id='word_1_124' title='bbox 1119 1917 1226 1976; x_wconf 89' lang='lat' dir='ltr'>ersten</span> 
     </span>
    </p>

    <p class='ocr_par' dir='ltr' id='par_1_15' title="bbox 98 2029 1227 2110">
     <span class='ocr_line' id='line_1_16' title="bbox 98 2029 1227 2110; baseline 0.001 -16"><span class='ocrx_word' id='word_1_125' title='bbox 98 2032 220 2095; x_wconf 80' lang='lat' dir='ltr'>Nomen</span> <span class='ocrx_word' id='word_1_126' title='bbox 244 2048 304 2094; x_wconf 89' lang='lat' dir='ltr'>nur</span> <span class='ocrx_word' id='word_1_127' title='bbox 327 2030 378 2093; x_wconf 90' lang='lat' dir='ltr'>die</span> <span class='ocrx_word' id='word_1_128' title='bbox 400 2030 575 2094; x_wconf 83' lang='lat' dir='ltr'>Veriantcn</span> <span class='ocrx_word' id='word_1_129' title='bbox 593 2030 650 2093; x_wconf 90' lang='lat' dir='ltr'>der</span> <span class='ocrx_word' id='word_1_130' title='bbox 666 2029 939 2110; x_wconf 85' lang='lat' dir='ltr'>Periserousgebe</span> <span class='ocrx_word' id='word_1_131' title='bbox 967 2045 1029 2093; x_wconf 87' lang='lat' dir='ltr'>von</span> <span class='ocrx_word' id='word_1_132' title='bbox 1057 2031 1139 2095; x_wconf 89' lang='grc'><strong>1554</strong></span> <span class='ocrx_word' id='word_1_133' title='bbox 1154 2032 1227 2095; x_wconf 80' lang='lat' dir='ltr'>wie-</span> 
     </span>
    </p>

    <p class='ocr_par' dir='ltr' id='par_1_16' title="bbox 103 2148 1226 2229">
     <span class='ocr_line' id='line_1_17' title="bbox 103 2148 1226 2229; baseline 0.002 -16"><span class='ocrx_word' id='word_1_134' title='bbox 103 2150 255 2229; x_wconf 73' lang='lat' dir='ltr'>dermite,</span> <span class='ocrx_word' id='word_1_135' title='bbox 289 2150 386 2214; x_wconf 90' lang='lat' dir='ltr'>deren</span> <span class='ocrx_word' id='word_1_136' title='bbox 410 2149 515 2214; x_wconf 84' lang='lat' dir='ltr'>wahre</span> <span class='ocrx_word' id='word_1_137' title='bbox 549 2148 660 2226; x_wconf 79' lang='lat' dir='ltr'>Qvelle</span> <span class='ocrx_word' id='word_1_138' title='bbox 683 2168 719 2213; x_wconf 90' lang='lat' dir='ltr'>er</span> <span class='ocrx_word' id='word_1_139' title='bbox 751 2149 821 2214; x_wconf 86' lang='lat' dir='ltr'>elso</span> <span class='ocrx_word' id='word_1_140' title='bbox 854 2150 941 2214; x_wconf 92' lang='lat' dir='ltr'>nicht</span> <span class='ocrx_word' id='word_1_141' title='bbox 973 2150 1122 2216; x_wconf 83' lang='lat' dir='ltr'>errath‘en</span> <span class='ocrx_word' id='word_1_142' title='bbox 1144 2152 1226 2215; x_wconf 85' lang='lat' dir='ltr'>hat.“</span> 
     </span>
    </p>

    <p class='ocr_par' dir='ltr' id='par_1_17' title="bbox 103 2268 1228 2352">
     <span class='ocr_line' id='line_1_18' title="bbox 103 2268 1228 2352; baseline 0.002 -19"><span class='ocrx_word' id='word_1_143' title='bbox 103 2270 190 2346; x_wconf 80' lang='lat' dir='ltr'>Qvee</span> <span class='ocrx_word' id='word_1_144' title='bbox 213 2288 262 2334; x_wconf 90' lang='lat' dir='ltr'>res</span> <span class='ocrx_word' id='word_1_145' title='bbox 286 2270 382 2335; x_wconf 83' lang='lat' dir='ltr'>etiam</span> <span class='ocrx_word' id='word_1_146' title='bbox 406 2288 444 2333; x_wconf 85' lang='lat' dir='ltr'>ex</span> <span class='ocrx_word' id='word_1_147' title='bbox 467 2287 505 2333; x_wconf 93' lang='lat' dir='ltr'>eo</span> <span class='ocrx_word' id='word_1_148' title='bbox 528 2268 696 2333; x_wconf 88' lang='lat' dir='ltr'>manifeste</span> <span class='ocrx_word' id='word_1_149' title='bbox 719 2269 871 2349; x_wconf 76' lang='lat' dir='ltr'>seqnitur,</span> <span class='ocrx_word' id='word_1_150' title='bbox 894 2270 976 2349; x_wconf 85' lang='lat' dir='ltr'>qvod</span> <span class='ocrx_word' id='word_1_151' title='bbox 1000 2288 1038 2334; x_wconf 92' lang='lat' dir='ltr'>eo</span> <span class='ocrx_word' id='word_1_152' title='bbox 1061 2271 1130 2352; x_wconf 89' lang='lat' dir='ltr'>ipso</span> <span class='ocrx_word' id='word_1_153' title='bbox 1147 2272 1228 2351; x_wconf 83' lang='lat' dir='ltr'>loco,</span> 
     </span>
    </p>

    <p class='ocr_par' dir='ltr' id='par_1_18' title="bbox 100 2388 1228 2470">
     <span class='ocr_line' id='line_1_19' title="bbox 100 2388 1228 2470; baseline 0.004 -17"><span class='ocrx_word' id='word_1_154' title='bbox 100 2388 152 2453; x_wconf 89' lang='lat' dir='ltr'>ubi</span> <span class='ocrx_word' id='word_1_155' title='bbox 176 2390 355 2470; x_wconf 80' lang='lat' dir='ltr'>scripturae</span> <span class='ocrx_word' id='word_1_156' title='bbox 377 2390 485 2455; x_wconf 81' lang='lat' dir='ltr'>varice</span> <span class='ocrx_word' id='word_1_157' title='bbox 508 2388 682 2469; x_wconf 84' lang='lat' dir='ltr'>„epistulae</span> <span class='ocrx_word' id='word_1_158' title='bbox 705 2389 746 2453; x_wconf 86' lang='lat' dir='ltr'>ed</span> <span class='ocrx_word' id='word_1_159' title='bbox 770 2388 915 2453; x_wconf 69' lang='lat' dir='ltr'>Celsum</span> <span class='ocrx_word' id='word_1_160' title='bbox 937 2391 969 2453; x_wconf 93' lang='lat' dir='ltr'>iu</span> <span class='ocrx_word' id='word_1_161' title='bbox 993 2391 1132 2455; x_wconf 91' lang='lat' dir='ltr'>editione</span> <span class='ocrx_word' id='word_1_162' title='bbox 1149 2390 1228 2458; x_wconf 83' lang='lat' dir='ltr'>Tur·</span> 
     </span>
    </p>

    <p class='ocr_par' dir='ltr' id='par_1_19' title="bbox 98 2508 1231 3072">
     <span class='ocr_line' id='line_1_20' title="bbox 98 2508 1230 2591; baseline 0.004 -20"><span class='ocrx_word' id='word_1_163' title='bbox 98 2508 173 2573; x_wconf 89' lang='lat' dir='ltr'>uebi</span> <span class='ocrx_word' id='word_1_164' title='bbox 202 2510 357 2588; x_wconf 83' lang='lat' dir='ltr'>desinunt,</span> <span class='ocrx_word' id='word_1_165' title='bbox 386 2511 568 2591; x_wconf 88' lang='lat' dir='ltr'>(contextus</span> <span class='ocrx_word' id='word_1_166' title='bbox 595 2508 764 2573; x_wconf 87' lang='lat' dir='ltr'>verborum</span> <span class='ocrx_word' id='word_1_167' title='bbox 791 2508 842 2573; x_wconf 92' lang='lat' dir='ltr'>hio</span> <span class='ocrx_word' id='word_1_168' title='bbox 870 2527 969 2590; x_wconf 87' lang='lat' dir='ltr'>usqve</span> <span class='ocrx_word' id='word_1_169' title='bbox 996 2512 1089 2591; x_wconf 82' lang='lat' dir='ltr'>adp.</span> <span class='ocrx_word' id='word_1_170' title='bbox 1113 2512 1164 2590; x_wconf 82' lang='lat'>94,</span> <span class='ocrx_word' id='word_1_171' title='bbox 1190 2513 1230 2575; x_wconf 84' lang='lat'>16</span> 
     </span>
     <span class='ocr_line' id='line_1_21' title="bbox 100 2602 1229 2712; baseline 0.003 -19"><span class='ocrx_word' id='word_1_172' title='bbox 100 2630 137 2693; x_wconf 86' lang='lat' dir='ltr'>L.</span> <span class='ocrx_word' id='word_1_173' title='bbox 167 2629 320 2712; x_wconf 78' lang='lat' dir='ltr'>procedit)</span> <span class='ocrx_word' id='word_1_174' title='bbox 350 2649 370 2694; x_wconf 84' lang='lat' dir='ltr'>a</span> <span class='ocrx_word' id='word_1_175' title='bbox 397 2602 538 2709; x_wconf 80' lang='lat' dir='ltr'>Rigaltio</span> <span class='ocrx_word' id='word_1_176' title='bbox 566 2646 629 2692; x_wconf 90' lang='lat' dir='ltr'>non</span> <span class='ocrx_word' id='word_1_177' title='bbox 653 2628 720 2709; x_wconf 79' lang='lat' dir='ltr'>jam</span> <span class='ocrx_word' id='word_1_178' title='bbox 748 2628 849 2693; x_wconf 91' lang='lat' dir='ltr'>codex</span> <span class='ocrx_word' id='word_1_179' title='bbox 876 2629 1019 2703; x_wconf 72' lang='lat' dir='ltr'>Horren,</span> <span class='ocrx_word' id='word_1_180' title='bbox 1052 2631 1109 2694; x_wconf 91' lang='lat' dir='ltr'>sed</span> <span class='ocrx_word' id='word_1_181' title='bbox 1132 2650 1229 2696; x_wconf 91' lang='lat' dir='ltr'>mem·</span> 
     </span>
     <span class='ocr_line' id='line_1_22' title="bbox 100 2750 1230 2816; baseline 0.002 -2"><span class='ocrx_word' id='word_1_182' title='bbox 100 2752 225 2815; x_wconf 85' lang='lat' dir='ltr'>mianus</span> <span class='ocrx_word' id='word_1_183' title='bbox 248 2751 334 2815; x_wconf 89' lang='lat' dir='ltr'>solus</span> <span class='ocrx_word' id='word_1_184' title='bbox 357 2752 388 2814; x_wconf 91' lang='lat' dir='ltr'>in</span> <span class='ocrx_word' id='word_1_185' title='bbox 412 2751 496 2815; x_wconf 89' lang='lat' dir='ltr'>notis</span> <span class='ocrx_word' id='word_1_186' title='bbox 519 2753 795 2816; x_wconf 86' lang='lat' dir='ltr'>commemoratur.</span> <span class='ocrx_word' id='word_1_187' title='bbox 840 2750 882 2813; x_wconf 84' lang='lat' dir='ltr'>Et</span> <span class='ocrx_word' id='word_1_188' title='bbox 909 2755 1016 2814; x_wconf 87' lang='lat' dir='ltr'>tamen</span> <span class='ocrx_word' id='word_1_189' title='bbox 1039 2752 1156 2816; x_wconf 90' lang='lat' dir='ltr'>scimus</span> <span class='ocrx_word' id='word_1_190' title='bbox 1178 2770 1230 2815; x_wconf 95' lang='lat' dir='ltr'>co-</span> 
     </span>
     <span class='ocr_line' id='line_1_23' title="bbox 101 2870 1231 2951; baseline 0.004 -18"><span class='ocrx_word' id='word_1_191' title='bbox 101 2870 202 2935; x_wconf 88' lang='lat' dir='ltr'>dicem</span> <span class='ocrx_word' id='word_1_192' title='bbox 225 2870 358 2935; x_wconf 90' lang='lat' dir='ltr'>Herveti</span> <span class='ocrx_word' id='word_1_193' title='bbox 380 2876 454 2935; x_wconf 88' lang='lat' dir='ltr'>ante</span> <span class='ocrx_word' id='word_1_194' title='bbox 477 2889 592 2935; x_wconf 86' lang='lat' dir='ltr'>annum</span> <span class='ocrx_word' id='word_1_195' title='bbox 618 2870 701 2935; x_wconf 90' lang='grc'><strong>1554</strong></span> <span class='ocrx_word' id='word_1_196' title='bbox 724 2870 877 2951; x_wconf 91' lang='lat' dir='ltr'>scriptum</span> <span class='ocrx_word' id='word_1_197' title='bbox 896 2889 913 2934; x_wconf 90' lang='lat' dir='ltr'>e</span> <span class='ocrx_word' id='word_1_198' title='bbox 931 2870 1040 2935; x_wconf 90' lang='lat' dir='ltr'>codice</span> <span class='ocrx_word' id='word_1_199' title='bbox 1057 2888 1129 2936; x_wconf 89' lang='lat' dir='ltr'>esse</span> <span class='ocrx_word' id='word_1_200' title='bbox 1147 2891 1231 2937; x_wconf 90' lang='lat' dir='ltr'>sum-</span> 
     </span>
     <span class='ocr_line' id='line_1_24' title="bbox 104 2990 1003 3072; baseline -0.001 -17"><span class='ocrx_word' id='word_1_201' title='bbox 104 2996 199 3071; x_wconf 84' lang='lat' dir='ltr'>ptum,</span> <span class='ocrx_word' id='word_1_202' title='bbox 223 2992 274 3071; x_wconf 87' lang='lat' dir='ltr'>qvi</span> <span class='ocrx_word' id='word_1_203' title='bbox 298 3010 336 3055; x_wconf 85' lang='lat' dir='ltr'>ex</span> <span class='ocrx_word' id='word_1_204' title='bbox 359 2992 532 3071; x_wconf 83' lang='lat' dir='ltr'>integriore</span> <span class='ocrx_word' id='word_1_205' title='bbox 554 2990 718 3055; x_wconf 84' lang='lat' dir='ltr'>arcerieuo</span> <span class='ocrx_word' id='word_1_206' title='bbox 743 2990 921 3071; x_wconf 88' lang='lat' dir='ltr'>descriptus</span> <span class='ocrx_word' id='word_1_207' title='bbox 945 2995 1003 3072; x_wconf 78' lang='lat' dir='ltr'>est.</span> 
     </span>
    </p>
   </div>
   <div class='ocr_carea' id='block_1_3' title="bbox 98 3150 1234 4151">
    <p class='ocr_par' dir='ltr' id='par_1_20' title="bbox 101 3150 1233 3490">
     <span class='ocr_line' id='line_1_25' title="bbox 229 3150 1233 3221; baseline -0.002 -13"><span class='ocrx_word' id='word_1_208' title='bbox 229 3154 241 3180; x_wconf 79' lang='lat'><em>*</em></span> <span class='ocrx_word' id='word_1_209' title='bbox 259 3168 285 3221; x_wconf 89' lang='lat' dir='ltr'>p.</span> <span class='ocrx_word' id='word_1_210' title='bbox 304 3155 362 3208; x_wconf 80' lang='lat'>211:</span> <span class='ocrx_word' id='word_1_211' title='bbox 381 3152 509 3205; x_wconf 85' lang='lat' dir='ltr'>Nicolaus</span> <span class='ocrx_word' id='word_1_212' title='bbox 526 3150 663 3219; x_wconf 81' lang='lat' dir='ltr'>Rigaltius</span> <span class='ocrx_word' id='word_1_213' title='bbox 681 3180 713 3190; x_wconf 90' lang='lat'>-</span> <span class='ocrx_word' id='word_1_214' title='bbox 732 3167 763 3205; x_wconf 91' lang='lat' dir='ltr'>ex</span> <span class='ocrx_word' id='word_1_215' title='bbox 782 3151 868 3205; x_wconf 82' lang='lat' dir='ltr'>altero</span> <span class='ocrx_word' id='word_1_216' title='bbox 885 3151 1008 3219; x_wconf 74' lang='lat' dir='ltr'>quodam,</span> <span class='ocrx_word' id='word_1_217' title='bbox 1030 3152 1077 3205; x_wconf 87' lang='lat' dir='ltr'>sed</span> <span class='ocrx_word' id='word_1_218' title='bbox 1094 3168 1187 3206; x_wconf 83' lang='lat' dir='ltr'>manco</span> <span class='ocrx_word' id='word_1_219' title='bbox 1205 3157 1233 3206; x_wconf 92' lang='lat' dir='ltr'>et</span> 
     </span>
     <span class='ocr_line' id='line_1_26' title="bbox 104 3244 1232 3315; baseline 0.002 -16"><span class='ocrx_word' id='word_1_220' title='bbox 104 3247 201 3299; x_wconf 86' lang='lat' dir='ltr'>recenti</span> <span class='ocrx_word' id='word_1_221' title='bbox 229 3246 386 3315; x_wconf 78' lang='lat' dir='ltr'>omninoque</span> <span class='ocrx_word' id='word_1_222' title='bbox 413 3245 527 3315; x_wconf 85' lang='lat' dir='ltr'>pessimo</span> <span class='ocrx_word' id='word_1_223' title='bbox 555 3245 707 3313; x_wconf 79' lang='lat' dir='ltr'>exemplari,</span> <span class='ocrx_word' id='word_1_224' title='bbox 735 3244 805 3312; x_wconf 85' lang='lat' dir='ltr'>qvod</span> <span class='ocrx_word' id='word_1_225' title='bbox 827 3262 858 3299; x_wconf 81' lang='lat' dir='ltr'>ex</span> <span class='ocrx_word' id='word_1_226' title='bbox 882 3248 974 3299; x_wconf 88' lang='lat' dir='ltr'>nostro</span> <span class='ocrx_word' id='word_1_227' title='bbox 993 3247 1024 3315; x_wconf 91' lang='grc'><strong>(1.</strong></span> <span class='ocrx_word' id='word_1_228' title='bbox 1042 3264 1066 3299; x_wconf 90' lang='lat' dir='ltr'>e.</span> <span class='ocrx_word' id='word_1_229' title='bbox 1084 3248 1232 3310; x_wconf 82' lang='lat' dir='ltr'>arceriano)</span> 
     </span>
     <span class='ocr_line' id='line_1_27' title="bbox 102 3338 1233 3409; baseline 0.005 -16"><span class='ocrx_word' id='word_1_230' title='bbox 102 3340 219 3409; x_wconf 82' lang='lat' dir='ltr'>autiqm,</span> <span class='ocrx_word' id='word_1_231' title='bbox 237 3351 266 3392; x_wconf 77' lang='lat' dir='ltr'>ut</span> <span class='ocrx_word' id='word_1_232' title='bbox 283 3342 393 3403; x_wconf 71' lang='lat' dir='ltr'>cidem,</span> <span class='ocrx_word' id='word_1_233' title='bbox 411 3340 560 3394; x_wconf 84' lang='lat' dir='ltr'>derivatum</span> <span class='ocrx_word' id='word_1_234' title='bbox 577 3340 605 3393; x_wconf 88' lang='lat' dir='ltr'>iu</span> <span class='ocrx_word' id='word_1_235' title='bbox 623 3338 795 3393; x_wconf 83' lang='lat' dir='ltr'>Bibliotheca</span> <span class='ocrx_word' id='word_1_236' title='bbox 813 3339 958 3394; x_wconf 84' lang='lat' dir='ltr'>Porisiensi</span> <span class='ocrx_word' id='word_1_237' title='bbox 976 3343 1098 3395; x_wconf 82' lang='lat' dir='ltr'>servetur</span> <span class='ocrx_word' id='word_1_238' title='bbox 1112 3345 1233 3399; x_wconf 75' lang='lat'>11:07229</span> 
     </span>
     <span class='ocr_line' id='line_1_28' title="bbox 101 3435 434 3490; baseline 0 -3"><span class='ocrx_word' id='word_1_239' title='bbox 101 3435 172 3489; x_wconf 87' lang='lat' dir='ltr'>inter</span> <span class='ocrx_word' id='word_1_240' title='bbox 189 3436 292 3490; x_wconf 84' lang='lat' dir='ltr'>codices</span> <span class='ocrx_word' id='word_1_241' title='bbox 310 3435 434 3490; x_wconf 61' lang='grc' dir='ltr'>15111101.α</span> 
     </span>
    </p>

    <p class='ocr_par' dir='ltr' id='par_1_21' title="bbox 221 3528 685 3598">
     <span class='ocr_line' id='line_1_29' title="bbox 221 3528 685 3598; baseline -0.004 -15"><span class='ocrx_word' id='word_1_242' title='bbox 221 3533 247 3561; x_wconf 76' lang='grc'>**</span> <span class='ocrx_word' id='word_1_243' title='bbox 265 3528 430 3598; x_wconf 76' lang='lat' dir='ltr'>Rutgereins</span> <span class='ocrx_word' id='word_1_244' title='bbox 448 3545 504 3584; x_wconf 85' lang='lat' dir='ltr'>ver.</span> <span class='ocrx_word' id='word_1_245' title='bbox 523 3529 584 3581; x_wconf 86' lang='lat' dir='ltr'>lect.</span> <span class='ocrx_word' id='word_1_246' title='bbox 602 3528 624 3590; x_wconf 82' lang='lat'>1,</span> <span class='ocrx_word' id='word_1_247' title='bbox 643 3529 685 3583; x_wconf 89' lang='lat'>11.</span> 
     </span>
    </p>

    <p class='ocr_par' dir='ltr' id='par_1_22' title="bbox 99 3622 1233 3787">
     <span class='ocr_line' id='line_1_30' title="bbox 206 3622 1233 3691; baseline 0.001 -14"><span class='ocrx_word' id='word_1_248' title='bbox 206 3626 242 3655; x_wconf 73' lang='lat'>*⁸*</span> <span class='ocrx_word' id='word_1_249' title='bbox 259 3623 349 3677; x_wconf 78' lang='lat' dir='ltr'>Etiam</span> <span class='ocrx_word' id='word_1_250' title='bbox 372 3622 523 3677; x_wconf 78' lang='lat' dir='ltr'>differentis</span> <span class='ocrx_word' id='word_1_251' title='bbox 542 3622 690 3691; x_wconf 76' lang='lat' dir='ltr'>scripturae</span> <span class='ocrx_word' id='word_1_252' title='bbox 713 3622 784 3675; x_wconf 89' lang='lat' dir='ltr'>inter</span> <span class='ocrx_word' id='word_1_253' title='bbox 807 3622 923 3677; x_wconf 89' lang='lat' dir='ltr'>codicem</span> <span class='ocrx_word' id='word_1_254' title='bbox 946 3623 1128 3677; x_wconf 84' lang='lat' dir='ltr'>hervetinuum</span> <span class='ocrx_word' id='word_1_255' title='bbox 1147 3627 1174 3678; x_wconf 89' lang='lat' dir='ltr'>et</span> <span class='ocrx_word' id='word_1_256' title='bbox 1192 3641 1233 3678; x_wconf 82' lang='lat' dir='ltr'>er·</span> 
     </span>
     <span class='ocr_line' id='line_1_31' title="bbox 99 3715 1233 3787; baseline -0.001 -16"><span class='ocrx_word' id='word_1_257' title='bbox 99 3718 245 3780; x_wconf 81' lang='lat' dir='ltr'>ceriarum,</span> <span class='ocrx_word' id='word_1_258' title='bbox 265 3734 342 3785; x_wconf 83' lang='lat' dir='ltr'>qvam</span> <span class='ocrx_word' id='word_1_259' title='bbox 359 3717 462 3781; x_wconf 86' lang='lat' dir='ltr'>Blume,</span> <span class='ocrx_word' id='word_1_260' title='bbox 480 3716 575 3771; x_wconf 83' lang='lat' dir='ltr'>Rhein.</span> <span class='ocrx_word' id='word_1_261' title='bbox 591 3715 627 3769; x_wconf 87' lang='grc' dir='ltr'>Μ.</span> <span class='ocrx_word' id='word_1_262' title='bbox 642 3715 659 3769; x_wconf 84' lang='lat' dir='ltr'>f.</span> <span class='ocrx_word' id='word_1_263' title='bbox 674 3715 734 3770; x_wconf 82' lang='lat' dir='ltr'>Jnr.</span> <span class='ocrx_word' id='word_1_264' title='bbox 746 3716 808 3779; x_wconf 87' lang='lat' dir='ltr'>VII,</span> <span class='ocrx_word' id='word_1_265' title='bbox 828 3717 877 3773; x_wconf 82' lang='lat'>188</span> <span class='ocrx_word' id='word_1_266' title='bbox 890 3720 1025 3781; x_wconf 78' lang='lat' dir='ltr'>memorat,</span> <span class='ocrx_word' id='word_1_267' title='bbox 1043 3718 1095 3771; x_wconf 89' lang='lat' dir='ltr'>huc</span> <span class='ocrx_word' id='word_1_268' title='bbox 1108 3720 1233 3787; x_wconf 88' lang='lat' dir='ltr'>pertinet.</span> 
     </span>
    </p>

    <p class='ocr_par' dir='ltr' id='par_1_23' title="bbox 224 3811 600 3880">
     <span class='ocr_line' id='line_1_32' title="bbox 224 3811 600 3880; baseline -0.008 -14"><span class='ocrx_word' id='word_1_269' title='bbox 224 3816 243 3876; x_wconf 82' lang='lat'>†</span> <span class='ocrx_word' id='word_1_270' title='bbox 261 3812 336 3866; x_wconf 81' lang='lat' dir='ltr'>Rom.</span> <span class='ocrx_word' id='word_1_271' title='bbox 356 3812 464 3867; x_wconf 82' lang='lat' dir='ltr'>Gcsch.¹</span> <span class='ocrx_word' id='word_1_272' title='bbox 487 3811 522 3880; x_wconf 87' lang='lat' dir='ltr'>II,</span> <span class='ocrx_word' id='word_1_273' title='bbox 540 3812 600 3867; x_wconf 84' lang='grc'><strong>549.</strong></span> 
     </span>
    </p>

    <p class='ocr_par' dir='ltr' id='par_1_24' title="bbox 98 3904 1234 4151">
     <span class='ocr_line' id='line_1_33' title="bbox 161 3904 774 3974; baseline -0.003 -14"><span class='ocrx_word' id='word_1_274' title='bbox 161 3916 163 3919; x_wconf 84' lang='grc'><strong>’</strong></span> <span class='ocrx_word' id='word_1_275' title='bbox 206 3911 247 3971; x_wconf 81' lang='lat'>††</span> <span class='ocrx_word' id='word_1_276' title='bbox 265 3906 359 3961; x_wconf 86' lang='lat' dir='ltr'>Rheiu.</span> <span class='ocrx_word' id='word_1_277' title='bbox 378 3906 484 3963; x_wconf 63' lang='lat' dir='ltr'>Mussi.</span> <span class='ocrx_word' id='word_1_278' title='bbox 502 3906 519 3959; x_wconf 91' lang='lat' dir='ltr'><strong>J</strong></span> <span class='ocrx_word' id='word_1_279' title='bbox 522 3905 618 3974; x_wconf 87' lang='lat' dir='ltr'>urispr.</span> <span class='ocrx_word' id='word_1_280' title='bbox 634 3904 695 3967; x_wconf 89' lang='lat' dir='ltr'><strong>VII,</strong></span> <span class='ocrx_word' id='word_1_281' title='bbox 715 3908 774 3962; x_wconf 84' lang='lat'>199.</span> 
     </span>
     <span class='ocr_line' id='line_1_34' title="bbox 186 4000 1234 4071; baseline 0.001 -16"><span class='ocrx_word' id='word_1_282' title='bbox 186 4005 248 4065; x_wconf 81' lang='lat'>†††</span> <span class='ocrx_word' id='word_1_283' title='bbox 268 4002 391 4056; x_wconf 87' lang='lat' dir='ltr'>Ceterum</span> <span class='ocrx_word' id='word_1_284' title='bbox 410 4002 546 4071; x_wconf 85' lang='lat' dir='ltr'>Rigaltius</span> <span class='ocrx_word' id='word_1_285' title='bbox 564 4003 662 4055; x_wconf 88' lang='lat' dir='ltr'>temere</span> <span class='ocrx_word' id='word_1_286' title='bbox 681 4018 711 4055; x_wconf 83' lang='lat' dir='ltr'>ec</span> <span class='ocrx_word' id='word_1_287' title='bbox 729 4000 841 4055; x_wconf 84' lang='lat' dir='ltr'>fortuito</span> <span class='ocrx_word' id='word_1_288' title='bbox 861 4002 1007 4069; x_wconf 84' lang='lat' dir='ltr'>scripturos</span> <span class='ocrx_word' id='word_1_289' title='bbox 1025 4004 1052 4054; x_wconf 90' lang='lat' dir='ltr'>et</span> <span class='ocrx_word' id='word_1_290' title='bbox 1070 4001 1179 4056; x_wconf 85' lang='lat' dir='ltr'>Herveti</span> <span class='ocrx_word' id='word_1_291' title='bbox 1193 4019 1234 4057; x_wconf 89' lang='lat' dir='ltr'>oo-</span> 
     </span>
     <span class='ocr_line' id='line_1_35' title="bbox 98 4094 516 4151; baseline 0.01 -4"><span class='ocrx_word' id='word_1_292' title='bbox 98 4094 170 4149; x_wconf 90' lang='lat' dir='ltr'>dicis</span> <span class='ocrx_word' id='word_1_293' title='bbox 190 4098 217 4148; x_wconf 86' lang='lat' dir='ltr'>et</span> <span class='ocrx_word' id='word_1_294' title='bbox 235 4096 353 4149; x_wconf 85' lang='lat' dir='ltr'>Memmii</span> <span class='ocrx_word' id='word_1_295' title='bbox 372 4100 516 4151; x_wconf 85' lang='lat' dir='ltr'>enumeret.</span> 
     </span>
    </p>
   </div>
   <div class='ocr_carea' id='block_1_4' title="bbox 0 0 1496 4667">
    <p class='ocr_par' dir='ltr' id='par_1_25' title="bbox 0 0 1496 4667">
     <span class='ocr_line' id='line_1_36' title="bbox 0 0 1496 4667; baseline 0 1"><span class='ocrx_word' id='word_1_296' title='bbox 0 0 1496 4667; x_wconf 95' lang='lat' dir='ltr'> </span> 
     </span>
    </p>
   </div>
  </div>
 </body>
</html>
