2984 4667
229 155 261 201 24

193 324 340 406 opinatus
379 328 428 388 est
465 322 583 404 Lange.
597 324 615 361 ‘¹‘
673 323 850 389 Praeterea
886 324 1014 406 Vegetii
1051 324 1126 390 fidei
1161 328 1228 407 jam
1268 327 1324 393 diu

193 443 272 506 nihil
304 460 405 523 paene
437 441 598 505 tribuitur.
644 442 753 518 Qualis
787 442 838 521 sit,
861 443 1033 507 ostendunt
1065 444 1144 508 satis
1166 463 1324 526 superque

193 581 282 644 capp.
305 560 351 626 IV
373 566 406 627 et
427 561 486 626 XV
513 561 587 627 libri
615 562 757 641 secundi,
790 562 845 626 ubi
872 561 1027 643 Vegetius
1060 563 1093 627 iu
1125 549 1325 645 primaerio

190 680 372 763 principum
394 680 527 761 quinque
550 678 687 743 cohortes
718 679 837 744 constit
861 680 895 760 t,
918 681 1057 763 reliquas
1079 682 1214 763 quinque
1238 661 1325 763 eJ'us·

192 800 265 865 dem
297 798 433 879 legionis
466 800 498 862 in
531 798 671 863 secunda
702 798 771 863 acie
797 796 1000 876 hastatormm
1021 800 1055 863 in
1087 801 1184 865 tertia
1215 805 1323 865 autem

192 920 375 984 triariorum
399 918 533 999 qvinqva
556 917 704 983 cohortos
727 916 810 981 alius
831 915 968 999 legionis
989 920 1088 999 pouit.
1101 922 1137 959 *²¹*
1181 918 1232 984 De
1254 919 1326 984 fon·

49 1094 51 1101 .
170 1105 173 1111 ,
192 1040 278 1104 tibus
290 1040 359 1119 ejns
371 1039 454 1103 inter
473 1037 555 1101 alios
567 1037 634 1119 jam
650 1037 789 1102 Dirlrsen
801 1037 1064 1118 jurisconsultus
1080 1038 1254 1119 disputavit
1264 1041 1325 1079 ***

192 1159 244 1239 qvi
271 1159 313 1222 ad
339 1158 496 1239 Lydum†
529 1162 563 1222 et
595 1157 731 1237 Digesta
743 1157 786 1239 ΙΙ
818 1174 935 1221 uocans
969 1154 1104 1237 utquam
1128 1162 1253 1238 partem
1282 1177 1323 1224 ox

192 1295 288 1358 opere
312 1281 345 1341 et
362 1276 500 1357 juridico
524 1281 557 1341 et
583 1275 715 1340 militari
736 1276 867 1339 haurire
890 1275 1032 1355 potuisse
1054 1294 1179 1341 summa
1200 1277 1324 1358 sagaci·

190 1401 257 1461 tate
291 1402 324 1461 et
357 1396 502 1461 doctrina
534 1395 774 1461 demonstravit.
818 1394 882 1459 Sed
904 1395 990 1459 unde
1021 1394 1145 1477 reliqua
1165 1396 1323 1476 sumpsit?

190 1514 364 1595 Reputanti
407 1514 671 1596 quemadmodum
711 1531 822 1578 omnes
858 1513 1001 1577 historici
1047 1491 1171 1579 romani
1204 1514 1323 1595 aliique

192 1632 363 1713 scriptores
386 1649 483 1712 opera
506 1649 563 1695 sua
585 1632 831 1712 composuerint,
859 1632 928 1696 veri
942 1632 1055 1697 simile
1076 1632 1204 1697 videtur
1224 1632 1321 1729 Veffl'f

190 1752 280 1830 tium,
315 1752 367 1831 qvi
399 1747 450 1815 rel
483 1754 588 1815 aetate
611 1750 783 1815 Theodosii
805 1750 902 1831 liii
924 1750 976 1815 vel
990 1750 1214 1815 ,Valentiniani
1241 1723 1322 1835 ills

172 1844 268 1946 'erat
292 1870 479 1951 scriptorem
501 1886 584 1934 nune
604 1848 750 1950 ignotum
771 1870 892 1935 saeculi
914 1870 1018 1950 quarti
1033 1870 1252 1951 descripsisse,
1267 1872 1320 1951 qvi
1349 1844 1352 1849 ⁷

191 1994 226 2053 ut
258 1989 412 2071 Vegetius
443 1988 523 2052 daos
555 1993 676 2052 tontum
704 1990 913 2054 mutationes:
948 1990 1143 2070 ,antiqvam“
1180 1994 1214 2053 et
1246 1989 1320 2071 ,ho-

191 2108 333 2171 diernam
358 2107 392 2191 (i.
415 2126 443 2172 e.
467 2107 769 2189 constantinianam)
791 2107 1041 2171 ordinationem“
1057 2111 1167 2171 nosset
1182 2111 1216 2172 et
1228 2107 1318 2172 illam

188 2245 206 2291 e
233 2226 375 2291 fontibus
408 2226 474 2289 suis
506 2226 691 2291 describens
723 2226 942 2290 infelicissime
976 2225 1181 2290 confudisset.
1230 2225 1318 2302 Quae

189 2345 272 2408 ratio
306 2343 516 2423 describendi,
539 2348 575 2407 ut
596 2360 691 2408 verus
723 2345 933 2425 propriusque
962 2343 1043 2421 fons,
1066 2344 1150 2407 unde
1172 2343 1319 2408 hauserit

188 2468 309 2541 auctor,
322 2481 384 2527 non
407 2463 568 2543 afferatur,
592 2464 677 2545 apud
698 2463 867 2544 Vegetium
890 2463 1150 2529 manifestissime
1173 2468 1317 2544 apparet.

188 2583 269 2647 Nam
304 2582 364 2675 etsi
396 2583 449 2647 vix
480 2584 644 2664 quisquam
678 2583 812 2663 dubitet,
846 2584 920 2663 quin
948 2581 1101 2663 Vegetius
1129 2586 1248 2663 ,totum
1273 2583 1317 2646 'de

188 2701 476 2781 depugnationibus
510 2707 605 2782 caput
637 2720 785 2782 magnam
819 2702 945 2783 qnidam
972 2705 1095 2781 partem
1124 2719 1171 2768 ex,
1186 2699 1317 2765 catonis

188 2820 227 2883 de
251 2820 422 2900 disciplina
455 2820 586 2885 militari
618 2820 701 2885 libro
734 2820 956 2901 exscripserit‘
970 2820 1008 2903 ἐξ
1042 2825 1075 2884 et
1100 2820 1184 2885 inter
1211 2819 1317 2884 fontes

186 2938 239 3001 vel
262 2942 408 3003 auctores
431 2956 505 3002 suos
528 2938 618 3002 illum
642 2956 763 3019 qvoqve
782 2937 934 3003 Catonem
962 2936 1062 3021 refert
1085 2938 1125 3020 (I,
1148 2937 1183 3016 83
1206 2938 1249 3016 Π,
1271 2938 1316 3016 3),

298 3172 571 3242 *adHyg.p.160.

280 3269 309 3298 **
327 3266 479 3321 Illustravit
504 3266 583 3320 fidam
609 3266 716 3335 Vegetii
742 3281 827 3335 nuper
853 3266 977 3319 Foerster
1004 3265 1047 3332 (de
1068 3265 1121 3320 fide
1137 3267 1179 3319 ΙΙΙ.
1196 3266 1315 3333 Vegetii,

101 3422 103 3427 ¹
184 3358 294 3413 Bonnae
312 3363 390 3427 1879)
408 3359 524 3413 dilucido
543 3359 657 3427 quidem,
675 3358 721 3413 sed
738 3360 818 3413 nimis
831 3362 859 3413 et
871 3360 928 3413 sine
940 3374 1034 3412 canosa
1046 3360 1152 3428 saepius
1164 3349 1315 3428 increpans,

183 3454 215 3504 ut
232 3452 275 3505 val
293 3468 307 3505 e
324 3452 417 3521 primis
434 3451 542 3520 paginis
561 3455 681 3521 apparet.
1086 3451 1089 3455 ’
1336 3438 1340 3441 ’

270 3548 311 3577 ***
327 3546 527 3599 Hintcrlassene
546 3546 680 3600 Schriften
698 3546 735 3609 II,
752 3549 804 3602 412
821 3562 877 3613 aqv.

293 3639 362 3703 †de
379 3654 449 3707 mag.
467 3639 488 3705 l,
507 3644 532 3696 9.

274 3736 373 3797 ††50‚
393 3732 514 3795 6:11,
533 3731 783 3788 aroedhlomms.

252 3830 314 3890 ΙΙΙ
331 3826 408 3893 Lang
425 3824 507 3894 praei.
526 3825 561 3877 ad
580 3825 645 3893 Veg.
663 3842 690 3894 p.
708 3825 759 3879 VII
779 3843 834 3896 squ.

304 3924 317 3984 ξ
336 3919 426 3983 Seeck,
445 3923 555 3973 Hermes
573 3918 620 3981 XI,
639 3924 672 3975 61
692 3936 747 3988 sqv.

285 4016 314 4077 ἑξ
333 4028 353 4063 c.
372 4013 462 4064 notam
481 4012 567 4080 Langi
586 4012 620 4066 ad
638 4013 704 4080 Veg.
722 4012 772 4076 Ill,
791 4016 833 4068 20.
