2984 4667
1164 252 1197 301 53

105 426 194 474 versa
217 409 278 489 sit3
302 410 384 489 qvod
407 409 523 474 falsum
552 428 633 490 esse,
656 413 850 492 computatio
873 415 1107 495 simplicissima
1128 420 1233 490 docet.

105 532 236 597 Videtur
258 530 455 611 praepositio
477 550 573 609 sopor
593 532 665 595 ideo
679 531 739 597 hoc
755 551 877 614 qvoqve
894 534 965 599 looo
988 537 1131 601 adhibita
1148 558 1230 621 esse,

32 625 35 634 Ι
104 654 182 736 qvod
216 654 333 717 eodem
366 653 461 717 modo
484 689 525 698 -
547 656 580 717 et
601 652 719 718 rectius
747 654 873 735 quidem
897 691 936 702 —
961 656 1166 723 detonsione
1189 661 1233 724 si·

104 772 165 836 mili
189 770 371 836 cohortium
394 769 567 851 primarum
591 776 623 835 et
644 771 882 836 vexillariorum
905 774 939 837 in
958 774 1116 840 lateribus
1137 796 1230 857 prae-

30 940 32 961 ÷
103 894 172 959 torii
193 895 382 973 usurpatur.
429 888 493 955 Sed
516 908 555 955 ne
576 889 686 970 Lange
708 890 833 969 qudem
856 891 1123 957 valetudinarium
1144 900 1232 960 recte

30 1054 32 1079 r
103 1012 227 1089 statuit3
262 1011 298 1075 id
326 1009 410 1074 enim
437 1010 522 1073 inter
542 1007 725 1073 vexillarios
748 1012 781 1072 et
803 1008 950 1073 cohortes
972 1011 1091 1090 primas
1113 1031 1233 1093 ponen-
1286 1001 1378 1090 „idi
1397 981 1464 1088 ivl(

30 1106 32 1111 ι
89 1100 173 1197 ’dnm
197 1135 259 1195 est.
272 1129 292 1167 ⁸
335 1130 385 1194 De
417 1128 513 1209 spatii
534 1133 641 1191 antem
674 1127 902 1207 magnitudine,
925 1130 1008 1209 qvod
1035 1131 1233 1211 occupabant
1280 1142 1330 1236 pff
1392 1105 1424 1156 [⁰

30 1268 31 1271 ’
103 1252 160 1315 tria
170 1249 241 1328 illa,
254 1249 283 1313 si
300 1248 479 1314 accuratius
494 1246 733 1326 investigamus
745 1251 880 1327 apparet
890 1248 1048 1313 neminem
1060 1250 1163 1315 adhuc
1176 1268 1229 1315 ve·
1274 1237 1280 1262 ²

103 1389 167 1434 rum
191 1368 366 1434 invenisse.
393 1365 802 1447 Namdecap.4adunum
819 1383 929 1431 omnes
950 1385 1101 1447 perverse
1123 1368 1232 1449 dispu-

102 1493 218 1555 tarunt.
265 1486 437 1565 Qvaeritur
458 1485 565 1565 igitur,
588 1488 739 1565 qvantum
768 1483 830 1548 loci
851 1484 1053 1565 veterinario,
1075 1462 1233 1551 valetudi-

30 1620 31 1623 ’
103 1608 199 1686 nario,
222 1606 368 1671 fabricae
401 1605 510 1669 datum
543 1603 594 1667 sit.
638 1602 837 1683 Responsum
866 1602 1020 1667 habemus
1042 1604 1075 1668 in
1097 1622 1165 1685 cap.
1188 1606 1231 1671 35

105 1731 300 1807 corruptum,
323 1728 359 1789 ut
384 1724 520 1802 videtur,
543 1722 600 1787 sed
622 1720 705 1803 qvod
726 1725 834 1785 tamen
855 1720 951 1787 facile
973 1723 1099 1787 restitui
1121 1729 1155 1789 et
1176 1726 1234 1790 de·

101 1846 185 1910 iendi
217 1846 332 1927 possit.
378 1842 480 1907 Credo
513 1842 657 1922 equidem
690 1844 854 1905 auctorem
881 1841 984 1905 libelli
1016 1842 1120 1923 ipsum
1153 1844 1231 1909 scri-

102 1965 201 2045 psisse
226 1964 311 2047 (cap.
335 1961 406 2043 35):
430 1962 478 2042 „in
500 1978 598 2024 unum
620 1960 662 2023 ad
682 1958 738 2023 DO
761 1960 922 2024 homines“
945 1964 1015 2038 cet,
1038 1978 1225 2041 qvamqvam
1300 1918 1346 2024 i?

102 2084 139 2147 ad
161 2099 322 2147 summam
343 2098 546 2145 numerorum
559 2077 671 2162 (9000)
684 2079 841 2158 qvadrare
852 2096 915 2143 non
925 2079 1061 2143 videtur.
1075 2078 1113 2115 ¹⁵*
1136 2079 1229 2156 Qvod
1298 2077 1313 2108 “
1326 2103 1343 2126 ·

101 2207 134 2265 ut
164 2200 347 2279 delendam,
370 2199 507 2280 primum
529 2199 569 2262 de
592 2215 659 2279 cap.
688 2198 710 2261 4
731 2197 898 2262 disseram.
944 2198 1055 2263 Scribo
1077 2199 1110 2264 id
1134 2200 1232 2280 plane

103 2321 212 2384 eodem
247 2319 341 2384 modo
375 2336 412 2383 ac
433 2317 542 2397 Lange
569 2316 631 2381 nisi
658 2316 741 2396 qvod
763 2333 822 2397 pro
843 2317 962 2381 tradito
984 2337 1118 2384 numero
1140 2319 1228 2384 LXX

104 2456 160 2519 ego
184 2436 273 2503 CXX
293 2436 455 2518 pono.***
500 2434 563 2500 Sed
586 2435 681 2515 longe
704 2436 798 2499 aliter
819 2435 899 2500 haec
920 2436 1018 2501 verba
1041 2438 1229 2518 explicanda

30 2532 32 2577 ἓ
102 2557 175 2621 mihi
209 2556 367 2621 videntur.
411 2554 553 2619 Primum
582 2553 659 2618 dicit
680 2559 801 2639 auctor,
825 2555 853 2619 si
874 2554 1008 2635 qvinqve
1030 2556 1081 2620 vel
1105 2575 1162 2621 sex
1184 2556 1229 2620 el-

102 2678 210 2755 giones
245 2679 394 2756 acceptae
421 2678 504 2753 sunt,
528 2692 625 2755 supra
647 2674 810 2739 cohortem
831 2674 968 2754 primam
989 2675 1155 2756 utriusqve
1178 2694 1232 2740 oa·

103 2800 238 2859 atrorum
265 2793 367 2875 partis
397 2792 522 2873 singula
549 2793 783 2858 valetudinaria
809 2794 895 2874 poni,
918 2812 1051 2874 qvorum
1073 2796 1233 2875 pedatura
1276 2775 1308 2848 ’ἶ

103 2912 235 2992 singulis
268 2913 412 2995 partibus
430 2886 480 2976 *ad
503 2919 654 2977 centenos
684 2912 829 2977 homines
862 2917 1066 2991 computatur
1094 2914 1149 2994 (z
1176 2914 1228 2985 ad
1298 2886 1304 2902 ’
1411 2982 1418 2993 ‚

103 3028 150 3094 00
172 3032 318 3097 homines
336 3033 398 3097 duo
415 3030 648 3096 valetudinaria
669 3030 743 3111 hin.
760 3031 882 3109 species
898 3030 1240 3147 valetudinariorum)3

219 3236 235 3267 *
254 3233 311 3287 Ηοο
335 3236 438 3287 rectum
464 3249 521 3287 esse
543 3232 758 3287 manifestissime
776 3232 892 3301 probant
909 3231 1002 3285 verba:
1021 3248 1115 3301 „snper
1133 3232 1230 3301 qvihns

103 3353 132 3363 -
151 3355 184 3365 —
203 3327 321 3381 deinde.“
359 3325 519 3403 &Q
538 3343 569 3380 ca
587 3328 665 3379 aliter
682 3327 773 3395 posuit
791 3330 882 3393 Lange
899 3329 1009 3394 propter
1026 3327 1165 3393 oaput243
1182 3324 1230 3379 sod

101 3418 143 3471 hic
161 3420 330 3474 scribendum
348 3426 400 3474 est:
428 3419 488 3488 „qvi
507 3436 523 3473 a
541 3419 695 3474 cohortibus
712 3420 806 3488 primis
823 3420 935 3489 proximi
952 3418 1061 3473 tendere
1078 3418 1180 3471 debent
1197 3420 1224 3471 et

30 3530 36 3577 j
101 3512 243 3566 vexillariis
261 3514 407 3582 legionnnu
426 3514 490 3567 item
503 3514 682 3581 exploratores
697 3511 775 3581 juxta
785 3514 896 3581 strigam
908 3512 1024 3566 cohortis
1036 3512 1153 3579 primae“
1166 3511 1228 3578 (veh

102 3606 295 3673 „exploratores
314 3606 414 3674 strigae
433 3606 549 3660 cohortis
567 3605 709 3674 primae“);
729 3609 775 3673 „ut
791 3606 938 3659 vexillarii“
957 3605 1036 3673 plano
1048 3606 1168 3674 ineptum
1186 3609 1231 3659 ost

101 3697 319 3753 additamentum.
354 3699 450 3753 Paullo
469 3701 531 3751 ante
549 3702 591 3752 est
608 3699 732 3752 similiter
745 3700 829 3766 primi
847 3714 895 3767 pro
909 3700 1012 3767 primia.

200 3793 233 3827 **
253 3808 277 3845 v.
296 3792 387 3860 Lange
405 3792 439 3845 ad
457 3791 527 3861 Hyg.
544 3807 570 3860 p.
589 3794 652 3854 1863
671 3790 741 3843 Hist.
760 3794 828 3843 mut.
846 3808 871 3859 p.
890 3795 932 3847 69.

183 3886 233 3919 ***
252 3888 384 3938 Numerus
410 3884 485 3938 LXX
511 3884 677 3952 apertissimo
704 3887 842 3951 corruptus
870 3889 919 3948 est,
937 3885 999 3951 qvia
1020 3900 1104 3952 neqve
1121 3884 1230 3938 binario

101 3989 206 4029 numero
224 3993 308 4045 neqve
325 3980 443 4031 ternario
462 3978 663 4045 qvatemariove
681 3976 818 4031 dividitur.
854 3976 895 4029 Ne
913 3978 946 4031 do
964 3978 1101 4045 quadratis
1122 3978 1228 4046 quidem

30 4072 31 4077 ’
101 4068 208 4132 pedibus
228 4072 342 4139 cogitari
360 4074 458 4139 potest.
