2984 4667
299 212 329 260 18

261 380 491 460 imperatoris*
539 380 656 445 vexilla
698 348 933 445 veteranorum.
948 380 985 419 ²¹³*
1053 378 1216 446 Classiarii
1264 400 1388 463 qvoqve

261 499 379 563 milites
402 498 470 579 jam
498 504 571 563 ante
601 498 788 579 Septimium
817 498 970 563 Severum
998 500 1131 564 Romam
1154 501 1333 565 transducti
1356 509 1389 565 et

261 617 407 682 collocati
434 618 590 697 videntur,
612 606 649 682 nt
676 636 714 681 ex
736 618 820 697 „vita
848 615 1092 681 Commodi“***
1120 618 1267 684 efficitur.
1317 619 1386 684 Hoc

262 741 367 801 statuo
390 742 500 801 contra
521 736 817 816 hiarqvardtium,†
845 736 896 815 qvi
921 736 991 800 loco
1013 736 1242 818 Herodiani††
1264 738 1389 802 nititur.

260 855 309 921 Da
331 860 398 920 toto
422 856 505 919 enim
527 854 598 929 loco
619 854 713 918 valde
736 854 862 933 dubito;
875 855 939 935 ΙΙΙ
961 860 1048 919 certe
1070 856 1186 920 nimius
1205 856 1267 921 luit
1282 856 1387 921 Hero·
1480 901 1481 912 ο

260 974 372 1038 dianus
405 974 456 1039 vel
489 992 559 1038 cnm
596 973 756 1053 pracsidio
789 973 878 1037 urbis
912 972 1055 1038 contudit
1088 975 1261 1039 exercitum
1295 980 1386 1039 extra

258 1091 369 1156 urbem
397 1093 585 1157 collocatum
614 1093 786 1174 (legionem
813 1093 846 1156 II
867 1092 1071 1176 parthicam),
1105 1101 1293 1175 qvam'qvarn
1316 1094 1388 1174 ejus

259 1213 429 1293 separatim
452 1212 569 1275 mentio
591 1209 668 1293 fit.§
1480 1287 1482 1314 ι

360 1330 526 1395 Postremo
561 1348 665 1394 sermo
698 1329 799 1393 libelli
832 1330 873 1393 ad
900 1330 1031 1394 tertium
1060 1332 1222 1396 saeculum
1251 1338 1387 1413 spectat.
1480 1389 1482 1409 ,

258 1450 349 1525 Qvod
370 1451 411 1514 ad
434 1449 714 1513 demonstrandum
737 1465 838 1527 paene
861 1449 963 1528 prima
984 1448 1083 1512 verba
1105 1449 1276 1515 sufficiunt.
1319 1452 1386 1515 Vo-
1480 1515 1482 1522 ,

257 1569 402 1633 nabulum
415 1568 615 1649 „papilionis“
627 1567 711 1647 apud
728 1567 900 1647 scriptores
911 1566 1064 1631 historiae
1076 1568 1240 1649 Augustae
1253 1571 1382 1634 demum

256 1688 469 1804 reperituget
490 1687 601 1751 dictio:
630 1704 743 1768 „supra
770 1686 977 1766 scriptarum“
1000 1688 1096 1751 etiam
1123 1688 1333 1767 posteriorem
1347 1688 1385 1770 ἓξ
1480 1761 1482 1778 2

255 1807 323 1871 iere
340 1812 477 1871 aetatem
500 1806 649 1870 ostendit.
673 1805 827 1869 Similiter
849 1805 1037 1886 „pedatura“
1059 1824 1123 1871 non
1145 1812 1218 1871 ante
1236 1812 1383 1887 quartum
1480 1829 1482 1898 a

255 1928 306 1991 vel
344 1926 485 2006 quintum
518 1925 680 1990 saeculum
712 1924 885 2003 invenitur3
898 1924 956 2007 5ξὲ
995 1929 1143 2005 spectant
1175 1925 1251 1990 illuc
1283 1928 1381 1991 etiam

255 2046 502 2125 „praetentarent
526 2044 731 2133 „retentura“,
755 2043 986 2123 „combinatus“
1009 2035 1197 2125 similiaque.
1210 2042 1226 2075 *

380 2209 392 2235 '¹
409 2208 441 2257 nt
458 2204 539 2257 Henz.
558 2204 634 2266 544&
654 2202 682 2255 Ο.
700 2202 723 2254 Ι.
741 2202 771 2255 L.
790 2202 842 2270 ΙΙΙ,
859 2206 918 2259 550.

369 2301 393 2329 **
411 2297 474 2351 Tac.
490 2298 522 2350 A.
540 2297 590 2359 111,
608 2300 651 2360 213
668 2294 715 2349 ubi
731 2295 885 2365 Nipperdey
901 2296 993 2351 verba:
1022 2314 1090 2365 „non
1109 2299 1222 2367 amplius
1240 2300 1380 2367 quingenti

252 2394 375 2445 numero“
393 2391 589 2460 perversissime
607 2390 761 2459 explicavit3
788 2394 911 2459 spectant
928 2391 998 2444 enirn
1015 2407 1056 2455 eo,
1079 2395 1110 2445 ut
1128 2395 1186 2445 tam
1202 2393 1311 2461 exiguus
1328 2409 1380 2445 nu-

252 2501 337 2539 merus
354 2484 551 2538 vexillariorum
568 2486 760 2546 veteranorum,
782 2500 834 2537 nou
853 2484 967 2552 amplius
985 2485 1123 2554 quingenti
1139 2502 1256 2553 numero,
1273 2488 1305 2538 nt
1319 2485 1378 2554 jam

250 2593 281 2631 eo
298 2581 415 2647 tempore
432 2578 488 2631 sine
507 2577 587 2631 dubio
606 2577 686 2646 vulgo
705 2580 789 2640 eraut,
800 2577 904 2631 easdem
914 2578 1093 2631 Tacfarinatis
1104 2579 1202 2647 copias,
1213 2595 1279 2647 qvae
1290 2595 1379 2648 nuper

248 2670 381 2734 vicissent,
400 2671 531 2725 fuderint,

350 2760 387 2788 *¹*
404 2774 426 2811 c.
444 2761 484 2813 15:
503 2758 631 2826 populum
648 2773 786 2811 romanum
807 2774 823 2811 a
840 2756 972 2810 militibus
989 2757 1142 2821 classiariis,
1161 2757 1205 2826 qvi
1225 2758 1285 2812 vala
1302 2759 1381 2811 duca-

247 2852 308 2901 toat
324 2850 353 2903 in
371 2850 557 2919 amphiteatro,
575 2850 694 2903 interimi
711 2852 889 2918 praeceperat.

376 2943 531 3008 †Staatsv.
550 2944 583 3007 ΙΙ,
602 2944 661 2999 415.
1480 3006 1482 3011 .

354 3040 394 3101 ††
411 3036 460 3099 ΙΙΙ,’
479 3041 521 3093 13.
540 3040 564 3093 4:
583 3040 628 3105 τῆς
644 3055 671 3089 τε
695 3034 723 3087 ἐν
746 3035 829 3106 Pupp
855 3036 987 3105 δυνάμεως
1013 3037 1090 3107 αὐτῆς
1110 3036 1378 3110 τετραπλασῑαοθείσης
1480 3020 1482 3064 4

245 3128 277 3183 de
295 3129 424 3197 Septimio
444 3130 549 3185 Severo.
869 3128 873 3134 '

307 3233 309 3237 ’
334 3226 395 3287 †††
412 3222 558 3278 Herodiani
579 3224 657 3277 fidem
679 3223 827 3277 illustravit
852 3222 967 3277 Zdroher
984 3224 1012 3276 in
1029 3224 1175 3294 Biidingeri
1193 3227 1378 3295 „Untersuch-
1442 3277 1445 3282 ,

244 3329 330 3383 angen
348 3332 394 3369 zur
410 3320 474 3369 rom.
492 3317 612 3387 Kaiserg.
629 3319 653 3382 Ι,
674 3322 724 3376 226
743 3334 801 3388 squ.

372 3413 394 3474 ἑ
412 3410 578 3479 στρατοπέδου
596 3412 716 3465 τοσούτου
734 3412 781 3483 πρὸ
798 3416 844 3483 τῆς
860 3412 958 3472 πόλεως
975 3414 1127 3485 ἱδρυθέντος.
1157 3462 1160 3466 .

362 3505 392 3567 §5
409 3502 470 3555 Non
487 3504 614 3558 refellunt
632 3521 729 3575 „supra
749 3505 837 3559 dicta“
856 3507 927 3575 apud
947 3507 999 3562 Sic.
1016 3508 1057 3561 m.
1077 3513 1189 3578 (paral,
1210 3514 1245 3575 7).

343 3598 387 3659 §§§
404 3596 547 3649 Frontinus
564 3597 646 3651 habet
663 3598 812 3667 podismum
830 3600 970 3669 (ποδιομόν)
988 3618 1014 3670 p.
1032 3604 1074 3666 32,
1093 3604 1110 3658 5
1128 3603 1158 3656 L.

371 3691 383 3717 ⁸
405 3688 546 3743 Auctorem
577 3692 782 3759 agrimensorem
811 3694 893 3747 fuisse
915 3711 945 3748 ex
962 3696 1005 3748 his
1023 3699 1051 3749 et
1071 3697 1164 3749 multis
1181 3696 1270 3750 verbis
1287 3697 1371 3751 dicti-

240 3778 386 3847 onibusqve
404 3782 566 3848 „observare
585 3784 612 3836 in
631 3785 724 3853 rigore,
743 3802 790 3853 per
807 3787 936 3856 rigorem“
956 3792 1006 3842 cet.
1024 3792 1108 3858 patet.
1143 3790 1206 3843 Sine
1220 3790 1300 3844 dubio
1313 3790 1371 3842 fuit

239 3871 279 3923 vir
298 3873 384 3939 qualis
406 3875 478 3943 apud
500 3876 636 3945 Hyginum
661 3883 697 3946 (p.
716 3884 774 3948 121,
794 3885 809 3937 7
826 3882 860 3948 L)
879 3881 1050 3936 describitur:
1078 3886 1218 3951 „evocatus
1240 3884 1367 3952 Augusti,

238 3962 280 4016 vir
300 3965 425 4032 militaris
449 3967 614 4039 disciplinae,
643 3972 816 4039 professionis
840 3989 941 4042 qvoqve
960 3980 1068 4029 nostrae
1086 3976 1298 4045 capacissirnus,“
1319 3976 1369 4044 qvi

238 4054 351 4129 Trajano
378 4059 525 4128 imperante
549 4079 627 4131 agros
652 4067 785 4120 veteranis
806 4066 950 4121 dividebat.
985 4068 1143 4124 Humilioris
1160 4071 1214 4125 loci
1230 4069 1366 4124 hominem
