2984 4667
1250 279 1283 328 39

187 464 283 512 nemo
316 465 378 509 non
411 445 508 536 videt.
554 443 654 521 Quam
686 444 727 508 ab
767 462 834 510 rem
872 444 1088 526 Marqvardt*
1126 447 1318 514 munitiones

187 566 336 648 proprias
368 564 518 629 velitibus
544 568 618 627 ante
651 568 757 627 castra
789 564 912 643 tribuit,
940 581 1126 645 quamquam
1155 566 1195 630 de
1216 566 1256 630 iis
1278 585 1319 632 ne

187 685 323 750 verbum
355 683 482 764 quidem
514 699 647 763 nsquam
679 683 847 762 reperitur.
892 682 974 746 Nam
1003 684 1211 764 „protestor
1239 685 1319 750 nihil

187 804 318 870 omnino
352 803 580 880 demonstrant,
611 802 694 882 qvod
721 802 936 866 extructiones
964 807 1038 867 ante
1066 809 1176 884 portas
1198 804 1319 885 positas

190 928 224 988 et
256 940 329 986 enm
355 921 397 985 iis
424 920 632 986 cohaerentes
658 919 838 1001 significare
865 925 1009 1000 possunt,
1038 926 1071 986 et
1096 940 1193 986 unum
1226 943 1319 1005 argu·

190 1045 344 1118 mentum,
366 1039 449 1120 qvod
471 1037 579 1102 afferri
606 1038 710 1119 potuit
730 1039 765 1120 (a
786 1038 1005 1119 Marqvardtio
1027 1058 1090 1104 non
1112 1042 1319 1127 allatum):**

190 1160 293 1224 Anon.
316 1158 392 1240 Byz.
415 1157 532 1235 XXIX,
561 1155 582 1218 2
604 1156 657 1221 fin.
680 1157 760 1221 nihil
793 1157 855 1222 nisi
877 1156 999 1221 cadotm
1020 1177 1087 1223 rem
1121 1159 1319 1226 confirmare.

190 1276 348 1357 Exempla
369 1280 486 1355 autem,
510 1293 600 1356 qvae,
623 1280 750 1340 utrem
775 1276 937 1357 probaret,
966 1275 1154 1358 Marqvardt
1185 1279 1321 1359 protulit

190 1413 378 1476 magnarum
411 1395 573 1476 copiarum
608 1412 687 1474 qvae
721 1400 812 1459 extra
838 1399 948 1476 portas
982 1395 1175 1460 excubarent
1185 1397 1240 1439 ***
1263 1399 1320 1462 mi·
1435 1471 1437 1474 ,

190 1515 277 1579 nime
310 1518 386 1594 apta
418 1518 452 1578 et
483 1513 600 1578 idonea
632 1517 716 1592 sunt,
750 1512 823 1593 qvia
854 1512 943 1577 locus
977 1511 1156 1595 ansaris†
1183 1533 1247 1580 non
1279 1517 1320 1580 ad

111 1692 113 1694 ,
189 1638 300 1698 eastra
326 1632 464 1714 pertinet
492 1638 525 1697 et
552 1631 675 1712 reliqna
702 1633 798 1716 (qvae
820 1632 1015 1712 aliquantum
1039 1635 1150 1714 augeri
1171 1636 1319 1714 possunt)
1356 1708 1359 1715 ,

190 1753 340 1833 exempla
361 1752 403 1816 ad
423 1750 643 1816 confusionem
665 1751 838 1814 stationum
855 1755 889 1814 et
910 1751 1091 1832 vigiliarum
1118 1753 1321 1832 apertissima

191 1874 349 1951 spectant.
393 1869 530 1950 Vigiliae
556 1869 591 1932 in
618 1886 736 1949 aggere
764 1873 942 1934 castrorum
969 1869 1010 1934 ad
1038 1869 1266 1951 speculandum
1289 1879 1322 1937 et

191 1967 235 2054 ad
268 1988 386 2052 milites
419 1987 462 2051 ad
487 2005 578 2050 arma
604 1987 858 2065 canalamandos,
886 1987 913 2050 si
941 1987 1050 2052 hostes
1078 1987 1183 2053 subito
1211 1990 1321 2054 subre-

193 2109 344 2191 psisaent,
356 2111 450 2187 atqve
461 2105 664 2188 „disciplinae
680 2106 855 2186 caussa“††
866 2105 1148 2186 constituebantur
1167 2109 1321 2173 stationes

194 2227 333 2308 majores
355 2225 476 2305 copiae,
497 2229 586 2288 certe
608 2223 741 2287 dimidia
762 2223 876 2288 cohors
887 2223 952 2305 †††
975 2228 1074 2303 erant,
1088 2243 1167 2305 qvae
1183 2228 1321 2307 primum

194 2345 333 2410 hostium
359 2345 513 2424 impetum
534 2341 735 2424 repentinum
757 2342 929 2424 adportas
952 2343 1177 2427 exciperent.§
1221 2346 1323 2410 Erant

193 2465 350 2528 stationes
372 2463 509 2526 maxime
529 2461 740 2540 necessariae,
768 2461 957 2541 pracsertim
980 2479 1051 2526 cum
1073 2466 1179 2526 castra
1199 2464 1322 2528 aestiva

193 2582 318 2649 foribus
350 2599 460 2647 carere
493 2581 636 2644 solerent
652 2578 691 2662 ἕξ
724 2582 758 2644 et
784 2577 872 2642 fossa
901 2582 974 2643 ante
1007 2584 1116 2659 portas
1142 2581 1322 2662 interrupta

193 2707 291 2782 esset,
313 2705 408 2781 atqve
431 2698 620 2764 constabant
640 2702 698 2761 aut
719 2715 758 2762 ex
779 2696 938 2777 equitibus
961 2701 1016 2760 aut
1038 2715 1055 2761 e
1077 2697 1249 2777 peditibus
1263 2698 1320 2782 §pp

313 2990 330 3023 *
350 2989 468 3040 Staatsv.
487 2987 522 3050 ΙΙ,
539 2988 600 3043 396·

300 3085 329 3115 **
346 3081 440 3146 Miror,
468 3079 537 3148 qvod
563 3078 721 3147 Marqvardt
747 3093 849 3146 semper
874 3077 990 3130 Leonem
1016 3075 1152 3131 Tacticum
1174 3078 1248 3142 citat,
1268 3095 1321 3132 nou
1428 3122 1430 3130 ,

194 3175 360 3246 Anonymnm
377 3175 450 3243 Byr.¹
476 3173 529 3227 etsi
545 3173 593 3227 illo
610 3189 640 3226 ex
657 3171 736 3240 hujus
753 3171 823 3224 libro
841 3170 980 3239 exscripsit
997 3174 1032 3240 (v.
1050 3170 1153 3239 Xcichly
1170 3173 1197 3223 et
1214 3169 1322 3225 Riistow

192 3270 212 3324 L
229 3271 247 3323 l.
266 3269 344 3334 112,
362 3273 470 3336 37sqv.

284 3364 330 3397 *²⁸*
349 3362 509 3429 „besondere
526 3359 735 3430 Trnppentheile
753 3361 845 3413 irnrnsr
862 3359 890 3412 in
908 3375 1012 3427 grosser
1024 3359 1128 3412 Anuahl
1147 3375 1178 3412 zu
1191 3357 1242 3411 den
1254 3359 1323 3412 Aus-

190 3457 350 3511 aanwachen
367 3455 503 3509 beardet.“
1140 3459 1144 3467 ’

310 3555 330 3613 †
347 3549 379 3602 B.
398 3547 427 3602 0.
446 3547 466 3607 Ι,
484 3550 527 3603 21.
584 3563 587 3566 ·

289 3648 329 3708 ††
348 3660 405 3713 cap.
424 3645 466 3707 49,
485 3643 535 3704 523
552 3639 614 3708 Dig.
633 3643 675 3703 49,
694 3643 734 3702 16,
753 3644 777 3698 3.

263 3721 643 3802 sffiwwemm

312 3829 420 3898 §Caes
440 3829 471 3882 B.
490 3827 523 3882 G.
540 3828 587 3892 VI,
605 3831 647 3886 37.

202 3988 205 3992 ,
298 3927 329 3989 55
345 3923 428 3976 Extra
453 3921 574 3976 ordinem
601 3937 695 3975 caussa
721 3920 864 3991 praecipua
890 3919 958 3974 fores
985 3919 1066 3974 semel
1092 3919 1208 3972 extruxit
1226 3917 1325 3972 Caesar

193 4015 438 4085 mama

282 4105 952 4174 ffimwammmmmm
