2984 4667
204 192 298 237 ’48

232 375 399 423 numerum
426 356 590 434 habereut,
620 356 749 437 duplam
770 356 959 436 pedaturam
980 356 1187 437 accipiebant.
1232 354 1360 421 Occasi-

232 496 293 543 one
324 478 400 541 data
432 476 538 541 lacere
566 493 629 539 non
658 492 798 555 possum,
826 475 900 554 quin
933 475 1073 539 breviter
1104 491 1270 555 exponam,
1304 492 1361 539 cur

232 596 351 661 factum
375 596 426 674 sit,
449 600 485 658 ut
501 594 601 675 prima
628 592 741 657 cohors
763 594 929 673 paullatim
952 594 1083 673 duplum
1098 611 1265 657 numerum
1279 595 1362 657 acci·

235 720 335 795 peret,
364 713 554 795 praesertim
581 730 663 789 cum,
701 712 783 790 qvod
811 710 949 789 sciam*
976 729 1069 775 nemo
1096 711 1177 776 hanc
1211 725 1279 775 rem
1306 730 1362 791 pe·

234 835 322 897 nitus
354 832 553 913 perspexerit
590 837 623 895 et
663 829 802 893 dilucide
830 830 1005 909 explicarit.
1049 829 1168 895 Mirum
1195 848 1272 894 sane
1300 838 1362 910 est,

235 954 319 1032 qvod
341 948 530 1029 Rustow*
553 966 740 1029 quamquam
767 949 923 1013 rationem
950 966 1014 1012 non
1039 949 1212 1028 perspexit,
1250 950 1363 1014 rectis·

234 1072 316 1135 sime
339 1071 378 1134 de
402 1070 448 1133 eis
472 1069 563 1133 dicit:
587 1086 639 1149 ,es
661 1068 744 1131 kann
768 1067 868 1132 daber
890 1068 968 1146 sein,
995 1068 1071 1132 dass
1097 1084 1170 1130 man
1197 1066 1278 1130 nach
1299 1068 1367 1131 und

235 1189 319 1253 nach
343 1188 394 1252 die
417 1187 532 1251 Stdrke
558 1187 615 1249 der
643 1191 750 1249 ersten
776 1186 1068 1266 Legionscohorten
1094 1185 1284 1264 vermehrte,
1311 1204 1366 1249 um

236 1307 327 1371 mehr
362 1306 514 1370 Saldaten
543 1306 602 1369 mit
634 1305 692 1369 der
724 1304 926 1385 Einstellung
952 1305 985 1367 in
1013 1305 1060 1369 sie
1087 1304 1299 1370 ausneichnen
1324 1323 1366 1368 zu

237 1424 389 1489 konnen‘t
434 1424 477 1487 Et
505 1442 556 1505 ,cs
584 1428 667 1488 wilre
694 1423 782 1487 nicht
809 1423 1001 1503 unmoglich,
1031 1423 1109 1487 dass
1143 1425 1200 1487 das
1232 1423 1368 1495 institut

237 1544 295 1609 der
327 1542 536 1623 Antesignani
568 1542 807 1621 Veranlassung
834 1560 875 1604 ru
901 1541 953 1605 ihr
978 1542 1121 1621 gegeben
1143 1542 1259 1606 hdtte“.
1303 1542 1368 1605 Ra·

204 1676 208 1684 ·
240 1663 360 1725 tionem
382 1678 445 1725 non
467 1662 571 1741 potuit
592 1664 680 1725 certo
702 1660 818 1739 dicere,
841 1661 924 1739 qvod
951 1660 1017 1739 ille,
1045 1665 1081 1723 ut
1107 1641 1366 1739 Marqvardt***

237 1782 277 1845 de
300 1780 517 1859 antesignanis
539 1779 651 1859 Langii
673 1778 788 1842 falsam
812 1778 1055 1859 explicationem
1075 1778 1232 1859 probavit.
1265 1778 1369 1843 Erant

170 1954 172 1959 .
239 1903 347 1963 tamen
379 1904 484 1963 aetate
519 1897 666 1962 Caesaris
694 1898 774 1961 nibil
800 1897 888 1962 aliud
915 1915 1008 1978 qvam
1034 1898 1195 1977 prioribus
1216 1900 1369 1977 tempori·
1421 1984 1424 1988 ἶ

241 2017 334 2097 bus,†
356 2023 392 2081 ut
415 2019 577 2103 evidenter
599 2016 667 2083 lere
691 1982 1081 2097 oenmiim‘ii'fflpla
1101 2018 1266 2097 quaedam,
1287 2035 1370 2097 qvae

239 2138 310 2218 ipse
337 2137 525 2217 Marqvardt
551 2138 640 2217 quasi
668 2139 701 2200 in
729 2120 920 2201 coutiariam
956 2144 1081 2217 partem
1103 2137 1225 2202 attulit:
1259 2136 1367 2213 Quint.

239 2256 319 2318 decl.
343 2257 379 2319 3:
407 2274 505 2336 ,pone
532 2256 565 2319 in
582 2255 692 2335 primo
719 2255 793 2335 acie,
810 2274 892 2337 pone
920 2260 991 2319 aab
1017 2255 1172 2335 signa-
1195 2274 1257 2319 non
1285 2256 1370 2319 inter

239 2375 393 2460 tuones“;
417 2372 507 2440 Caes.
531 2374 567 2439 B.
591 2373 625 2438 O.
652 2375 711 2453 Ill,
730 2375 786 2439 84:
809 2374 992 2457 ,expeditos
1009 2393 1048 2438 ex
1064 2376 1281 2455 antesignanis
1305 2374 1370 2437 ele·
1484 2373 1485 2376 ’

240 2499 307 2556 ctos
331 2494 390 2577 (ita
413 2495 496 2556 enim
519 2493 722 2557 scribendum
745 2491 824 2573 est);
847 2494 905 2571 HI,
930 2496 984 2557 lb:
1015 2494 1257 2574 „expeditosque
1279 2499 1370 2557 ante·

242 2604 424 2692 signanos“;
447 2612 472 2691 I,
500 2614 556 2676 57:
585 2613 713 2693 ,electis
741 2630 780 2676 ex
808 2613 954 2676 omnibus
976 2612 1155 2691 legionibus
1177 2611 1373 2676 fortissimos
1484 2701 1485 2706 ἵ

239 2732 336 2809 viros,
370 2732 605 2810 antesignanos
630 2731 847 2795 centuriones“
869 2732 992 2811 -qvi
1023 2731 1177 2811 postremi
1209 2734 1277 2793 tres
1301 2728 1375 2801 :loci
1406 2747 1408 2750 ·

245 2867 346 2928 neqve
380 2867 489 2914 omnes
521 2851 747 2929 antesignanos
781 2851 945 2931 expeditos
971 2850 1072 2916 luisse
1099 2859 1132 2917 et
1158 2854 1241 2917 inter
1261 2851 1374 2916 fortis·
1484 2857 1485 2860 ’

240 2968 338 3032 simos
361 2969 446 3033 viros
474 2986 545 3033 cum
573 2970 811 3034 centurionibus
837 2971 963 3035 habitos
991 2973 1127 3053 esse.††
1170 2972 1236 3037 Eos
1263 2978 1372 3038 autem

239 3085 432 3151 fortissimos
456 3088 573 3152 milites
596 3087 696 3153 luisse
731 3088 826 3153 valde
851 3094 1098 3162 consentaneum
1121 3098 1180 3155 est.
1225 3091 1372 3172 Triginta
1484 3167 1485 3170 Ἴ

359 3366 467 3419 *Fieri
494 3370 590 3435 potest,
609 3371 639 3421 ut
656 3368 725 3421 hauc
752 3384 808 3422 rem
830 3368 887 3437 jam
905 3368 1016 3430 Zauden
1035 3369 1246 3438 „Andautungeu
1264 3386 1287 3422 n.
1305 3374 1370 3424 rbm.
1484 3419 1485 3428 ,

240 3458 449 3528 Kriegswesen“‚
468 3476 543 3527 qvem
561 3460 658 3515 librum
676 3462 1007 3531 nounori‚erplanaverit.
1025 3463 1058 3517 V.
1071 3463 1159 3527 Gdler,
1174 3462 1287 3517 Caesare
1304 3463 1371 3532 gall.

241 3555 288 3607 Kr.
308 3569 333 3606 u.
352 3553 495 3621 Biirgerkr.
513 3572 540 3624 p.
558 3554 594 3615 ΙΙ,
611 3558 645 3613 37
663 3572 689 3609 n.
707 3560 732 3613 4.

349 3648 383 3682 **
400 3647 489 3701 Heerf.
509 3653 558 3703 cet.
577 3648 689 3702 Caesars
707 3666 733 3717 p.
751 3653 792 3705 21.

334 3740 384 3775 ***
405 3742 522 3795 Staatsv.
540 3742 575 3795 ll.
594 3759 619 3811 p.
637 3746 689 3799 342
707 3759 745 3811 sq.

361 3837 563 3905 †Marqvardt‚
582 3838 600 3890 l.
619 3838 636 3890 l.
655 3854 681 3906 p.
699 3840 759 3895 344.

344 3935 384 3995 ††
403 3929 457 3984 cfr.
483 3931 514 3983 L.
540 3930 647 3994 Miller,
676 3931 708 3985 de
734 3947 764 3985 re
789 3932 845 3985 mil.
864 3931 993 3999 quaedam
1019 3947 1033 3985 e
1061 3931 1185 3985 Caesaris
1213 3947 1308 3985 comm.
1327 3946 1370 3983 er-

242 3994 320 4137 c‘{bta
337 4028 422 4109 pum·
1292 4063 1322 4101 ‘a
1348 4068 1461 4121 m„
