<?xml version="1.0" encoding="UTF-8"?>
<!DOCTYPE html PUBLIC "-//W3C//DTD XHTML 1.0 Transitional//EN"
    "http://www.w3.org/TR/xhtml1/DTD/xhtml1-transitional.dtd">
<html xmlns="http://www.w3.org/1999/xhtml" xml:lang="en" lang="en">
 <head>
  <title>
</title>
<meta http-equiv="Content-Type" content="text/html;charset=utf-8" />
  <meta name='ocr-system' content='tesseract 3.04.00' />
  <meta name='ocr-capabilities' content='ocr_page ocr_carea ocr_par ocr_line ocrx_word'/>
</head>
<body>
  <div class='ocr_page' id='page_1' title='image "./decastrishygini00ursigoog_0026.png"; bbox 0 0 2984 4667; ppageno 0'>
   <div class='ocr_carea' id='block_1_1' title="bbox 278 220 323 257">
    <p class='ocr_par' dir='ltr' id='par_1_1' title="bbox 278 220 323 257">
     <span class='ocr_line' id='line_1_1' title="bbox 278 220 323 257; baseline 0.044 -2"><span class='ocrx_word' id='word_1_1' title='bbox 278 220 323 257; x_wconf 78' lang='lat' dir='ltr'>XVI</span> 
     </span>
    </p>
   </div>
   <div class='ocr_carea' id='block_1_2' title="bbox 181 365 1470 3187">
    <p class='ocr_par' dir='ltr' id='par_1_2' title="bbox 181 365 1374 928">
     <span class='ocr_line' id='line_1_2' title="bbox 181 365 1372 453; baseline -0.007 -15"><span class='ocrx_word' id='word_1_2' title='bbox 181 426 182 429; x_wconf 15' lang='grc' dir='ltr'>η</span> <span class='ocrx_word' id='word_1_3' title='bbox 243 373 438 453; x_wconf 78' lang='lat' dir='ltr'>parisienses</span> <span class='ocrx_word' id='word_1_4' title='bbox 477 372 701 453; x_wconf 83' lang='lat' dir='ltr'>„celebriorem</span> <span class='ocrx_word' id='word_1_5' title='bbox 738 371 867 435; x_wconf 89' lang='lat' dir='ltr'>illorum</span> <span class='ocrx_word' id='word_1_6' title='bbox 906 367 1089 433; x_wconf 70' lang='lat' dir='ltr'>Gallorum</span> <span class='ocrx_word' id='word_1_7' title='bbox 1120 366 1285 431; x_wconf 88' lang='lat' dir='ltr'>nominare</span> <span class='ocrx_word' id='word_1_8' title='bbox 1317 365 1372 430; x_wconf 91' lang='lat' dir='ltr'>de-</span> 
     </span>
     <span class='ocr_line' id='line_1_3' title="bbox 246 483 1373 571; baseline -0.007 -16"><span class='ocrx_word' id='word_1_9' title='bbox 246 492 364 557; x_wconf 87' lang='lat' dir='ltr'>buisse.</span> <span class='ocrx_word' id='word_1_10' title='bbox 408 491 491 555; x_wconf 87' lang='lat' dir='ltr'>Puto</span> <span class='ocrx_word' id='word_1_11' title='bbox 514 490 668 571; x_wconf 78' lang='lat' dir='ltr'>equidem,</span> <span class='ocrx_word' id='word_1_12' title='bbox 696 490 729 553; x_wconf 93' lang='lat' dir='ltr'>id</span> <span class='ocrx_word' id='word_1_13' title='bbox 757 489 841 571; x_wconf 79' lang='lat' dir='ltr'>qvod</span> <span class='ocrx_word' id='word_1_14' title='bbox 869 486 1137 569; x_wconf 91' lang='lat' dir='ltr'>simplicissimum</span> <span class='ocrx_word' id='word_1_15' title='bbox 1160 489 1220 565; x_wconf 87' lang='lat' dir='ltr'>est,</span> <span class='ocrx_word' id='word_1_16' title='bbox 1242 483 1373 557; x_wconf 85' lang='lat' dir='ltr'>Gentia-</span> 
     </span>
     <span class='ocr_line' id='line_1_4' title="bbox 245 602 1374 696; baseline -0.005 -23"><span class='ocrx_word' id='word_1_17' title='bbox 245 629 322 675; x_wconf 90' lang='lat' dir='ltr'>nnm</span> <span class='ocrx_word' id='word_1_18' title='bbox 344 605 612 683; x_wconf 80' lang='lat' dir='ltr'>Hervetumcum</span> <span class='ocrx_word' id='word_1_19' title='bbox 634 609 754 674; x_wconf 85' lang='lat' dir='ltr'>Romae</span> <span class='ocrx_word' id='word_1_20' title='bbox 776 612 926 696; x_wconf 13' lang='lat' dir='ltr'>versatus*</span> <span class='ocrx_word' id='word_1_21' title='bbox 944 606 1086 671; x_wconf 90' lang='lat' dir='ltr'>codicem</span> <span class='ocrx_word' id='word_1_22' title='bbox 1108 603 1239 668; x_wconf 91' lang='lat' dir='ltr'>Zanchii</span> <span class='ocrx_word' id='word_1_23' title='bbox 1254 602 1374 668; x_wconf 91' lang='lat' dir='ltr'>descri-</span> 
     </span>
     <span class='ocr_line' id='line_1_5' title="bbox 245 722 1374 809; baseline -0.005 -17"><span class='ocrx_word' id='word_1_24' title='bbox 245 729 374 809; x_wconf 84' lang='lat' dir='ltr'>psisset,</span> <span class='ocrx_word' id='word_1_25' title='bbox 404 727 464 792; x_wconf 92' lang='lat' dir='ltr'>hoc</span> <span class='ocrx_word' id='word_1_26' title='bbox 493 727 656 807; x_wconf 83' lang='lat' dir='ltr'>exemplar</span> <span class='ocrx_word' id='word_1_27' title='bbox 678 725 854 794; x_wconf 82' lang='lat' dir='ltr'>editoribus</span> <span class='ocrx_word' id='word_1_28' title='bbox 875 724 1105 806; x_wconf 85' lang='lat' dir='ltr'>parisiensibus</span> <span class='ocrx_word' id='word_1_29' title='bbox 1127 722 1265 787; x_wconf 81' lang='lat' dir='ltr'>dedisse.</span> <span class='ocrx_word' id='word_1_30' title='bbox 1309 722 1374 787; x_wconf 85' lang='lat' dir='ltr'>Res</span> 
     </span>
     <span class='ocr_line' id='line_1_6' title="bbox 246 841 1374 928; baseline -0.004 -17"><span class='ocrx_word' id='word_1_31' title='bbox 246 848 349 928; x_wconf 83' lang='lat' dir='ltr'>igitur</span> <span class='ocrx_word' id='word_1_32' title='bbox 371 847 411 911; x_wconf 87' lang='lat' dir='ltr'>sd</span> <span class='ocrx_word' id='word_1_33' title='bbox 435 847 550 911; x_wconf 88' lang='lat' dir='ltr'>Tilium</span> <span class='ocrx_word' id='word_1_34' title='bbox 572 845 651 909; x_wconf 93' lang='lat' dir='ltr'>nihil</span> <span class='ocrx_word' id='word_1_35' title='bbox 673 845 822 926; x_wconf 84' lang='lat' dir='ltr'>pertinet.</span> <span class='ocrx_word' id='word_1_36' title='bbox 865 844 935 909; x_wconf 87' lang='lat' dir='ltr'>Hoc</span> <span class='ocrx_word' id='word_1_37' title='bbox 957 844 1055 909; x_wconf 89' lang='lat' dir='ltr'>otiam</span> <span class='ocrx_word' id='word_1_38' title='bbox 1075 842 1182 920; x_wconf 84' lang='lat' dir='ltr'>credo,</span> <span class='ocrx_word' id='word_1_39' title='bbox 1216 841 1374 923; x_wconf 84' lang='lat' dir='ltr'>„codicem</span> 
     </span>
    </p>

    <p class='ocr_par' dir='ltr' id='par_1_3' title="bbox 236 937 1470 3187">
     <span class='ocr_line' id='line_1_7' title="bbox 249 937 1470 1045; baseline -0.004 -16"><span class='ocrx_word' id='word_1_40' title='bbox 249 966 412 1045; x_wconf 82' lang='lat' dir='ltr'>Horreti‚“</span> <span class='ocrx_word' id='word_1_41' title='bbox 441 966 531 1045; x_wconf 84' lang='lat' dir='ltr'>cujus</span> <span class='ocrx_word' id='word_1_42' title='bbox 554 964 730 1044; x_wconf 87' lang='lat' dir='ltr'>scripturas</span> <span class='ocrx_word' id='word_1_43' title='bbox 757 963 924 1027; x_wconf 88' lang='lat' dir='ltr'>Turnebus</span> <span class='ocrx_word' id='word_1_44' title='bbox 950 962 983 1027; x_wconf 90' lang='lat' dir='ltr'>in</span> <span class='ocrx_word' id='word_1_45' title='bbox 1005 965 1148 1026; x_wconf 84' lang='lat' dir='ltr'>extrema</span> <span class='ocrx_word' id='word_1_46' title='bbox 1168 965 1260 1041; x_wconf 89' lang='lat' dir='ltr'>parte</span> <span class='ocrx_word' id='word_1_47' title='bbox 1282 960 1375 1025; x_wconf 92' lang='lat' dir='ltr'>editi·</span> <span class='ocrx_word' id='word_1_48' title='bbox 1469 937 1470 940; x_wconf 9' lang='grc' dir='ltr'><strong>Ἴ</strong></span> 
     </span>
     <span class='ocr_line' id='line_1_8' title="bbox 245 1078 1375 1164; baseline -0.005 -15"><span class='ocrx_word' id='word_1_49' title='bbox 245 1086 318 1149; x_wconf 92' lang='lat' dir='ltr'>onis</span> <span class='ocrx_word' id='word_1_50' title='bbox 349 1102 426 1149; x_wconf 84' lang='lat' dir='ltr'>suae</span> <span class='ocrx_word' id='word_1_51' title='bbox 454 1083 595 1162; x_wconf 79' lang='lat' dir='ltr'>tradidit,</span> <span class='ocrx_word' id='word_1_52' title='bbox 631 1082 772 1147; x_wconf 84' lang='lat' dir='ltr'>codicem</span> <span class='ocrx_word' id='word_1_53' title='bbox 799 1098 871 1146; x_wconf 88' lang='lat' dir='ltr'>esse</span> <span class='ocrx_word' id='word_1_54' title='bbox 894 1080 1072 1164; x_wconf 88' lang='lat' dir='ltr'>parisinum</span> <span class='ocrx_word' id='word_1_55' title='bbox 1093 1096 1146 1143; x_wconf 77' lang='lat' dir='ltr'>nto</span> <span class='ocrx_word' id='word_1_56' title='bbox 1169 1079 1252 1143; x_wconf 78' lang='grc'>7229</span> <span class='ocrx_word' id='word_1_57' title='bbox 1275 1078 1375 1160; x_wconf 85' lang='lat' dir='ltr'>(apud</span> 
     </span>
     <span class='ocr_line' id='line_1_9' title="bbox 247 1197 1375 1281; baseline -0.006 -14"><span class='ocrx_word' id='word_1_58' title='bbox 247 1204 536 1281; x_wconf 86' lang='lat' dir='ltr'>Montfauconium‚</span> <span class='ocrx_word' id='word_1_59' title='bbox 564 1202 641 1266; x_wconf 90' lang='lat' dir='ltr'>bibl.</span> <span class='ocrx_word' id='word_1_60' title='bbox 664 1201 811 1266; x_wconf 88' lang='lat' dir='ltr'>biblioth.</span> <span class='ocrx_word' id='word_1_61' title='bbox 833 1218 886 1264; x_wconf 90' lang='lat' dir='ltr'>n:o</span> <span class='ocrx_word' id='word_1_62' title='bbox 910 1199 1014 1279; x_wconf 90' lang='grc'>1182).</span> <span class='ocrx_word' id='word_1_63' title='bbox 1059 1198 1132 1263; x_wconf 84' lang='lat' dir='ltr'>Jam</span> <span class='ocrx_word' id='word_1_64' title='bbox 1153 1197 1296 1262; x_wconf 84' lang='lat' dir='ltr'>Blnme*</span> <span class='ocrx_word' id='word_1_65' title='bbox 1319 1197 1375 1261; x_wconf 90' lang='lat' dir='ltr'>ad-</span> 
     </span>
     <span class='ocr_line' id='line_1_10' title="bbox 248 1317 1470 1408; baseline -0.004 -23"><span class='ocrx_word' id='word_1_66' title='bbox 248 1324 415 1387; x_wconf 87' lang='lat' dir='ltr'>notatione</span> <span class='ocrx_word' id='word_1_67' title='bbox 437 1322 615 1403; x_wconf 83' lang='lat' dir='ltr'>marginali,</span> <span class='ocrx_word' id='word_1_68' title='bbox 639 1339 719 1401; x_wconf 84' lang='lat' dir='ltr'>qvae</span> <span class='ocrx_word' id='word_1_69' title='bbox 741 1320 854 1384; x_wconf 88' lang='lat' dir='ltr'>eadem</span> <span class='ocrx_word' id='word_1_70' title='bbox 876 1323 909 1384; x_wconf 93' lang='lat' dir='ltr'>et</span> <span class='ocrx_word' id='word_1_71' title='bbox 930 1319 963 1383; x_wconf 92' lang='lat' dir='ltr'>in</span> <span class='ocrx_word' id='word_1_72' title='bbox 984 1319 1130 1383; x_wconf 84' lang='lat' dir='ltr'>vaticano</span> <span class='ocrx_word' id='word_1_73' title='bbox 1153 1321 1186 1382; x_wconf 93' lang='lat' dir='ltr'>et</span> <span class='ocrx_word' id='word_1_74' title='bbox 1207 1318 1241 1381; x_wconf 91' lang='lat' dir='ltr'>in</span> <span class='ocrx_word' id='word_1_75' title='bbox 1262 1317 1376 1397; x_wconf 86' lang='lat' dir='ltr'>parisi·</span> <span class='ocrx_word' id='word_1_76' title='bbox 1469 1403 1470 1408; x_wconf 5' lang='grc' dir='ltr'>ἵ</span> 
     </span>
     <span class='ocr_line' id='line_1_11' title="bbox 247 1436 1377 1525; baseline -0.005 -20"><span class='ocrx_word' id='word_1_77' title='bbox 247 1442 320 1505; x_wconf 92' lang='lat' dir='ltr'>ensi</span> <span class='ocrx_word' id='word_1_78' title='bbox 347 1441 455 1505; x_wconf 89' lang='lat' dir='ltr'>codice</span> <span class='ocrx_word' id='word_1_79' title='bbox 485 1441 645 1505; x_wconf 82' lang='lat' dir='ltr'>invenitur</span> <span class='ocrx_word' id='word_1_80' title='bbox 673 1440 764 1525; x_wconf 83' lang='lat' dir='ltr'>(„hoc</span> <span class='ocrx_word' id='word_1_81' title='bbox 790 1438 935 1503; x_wconf 91' lang='lat' dir='ltr'>additum</span> <span class='ocrx_word' id='word_1_82' title='bbox 962 1438 1036 1502; x_wconf 88' lang='lat' dir='ltr'>aliis</span> <span class='ocrx_word' id='word_1_83' title='bbox 1063 1437 1155 1501; x_wconf 88' lang='lat' dir='ltr'>libris</span> <span class='ocrx_word' id='word_1_84' title='bbox 1182 1441 1259 1517; x_wconf 89' lang='lat' dir='ltr'>puto</span> <span class='ocrx_word' id='word_1_85' title='bbox 1287 1436 1377 1500; x_wconf 86' lang='lat' dir='ltr'>odul-</span> 
     </span>
     <span class='ocr_line' id='line_1_12' title="bbox 236 1553 1378 1647; baseline -0.004 -25"><span class='ocrx_word' id='word_1_86' title='bbox 236 1560 385 1647; x_wconf 83' lang='lat' dir='ltr'>¹torum“)</span> <span class='ocrx_word' id='word_1_87' title='bbox 403 1578 424 1624; x_wconf 88' lang='lat' dir='ltr'>e·</span> <span class='ocrx_word' id='word_1_88' title='bbox 439 1553 547 1624; x_wconf 87' lang='lat' dir='ltr'>codice</span> <span class='ocrx_word' id='word_1_89' title='bbox 564 1559 695 1623; x_wconf 87' lang='lat' dir='ltr'>Zanchii</span> <span class='ocrx_word' id='word_1_90' title='bbox 716 1558 927 1639; x_wconf 85' lang='lat' dir='ltr'>parisiensem</span> <span class='ocrx_word' id='word_1_91' title='bbox 948 1574 1020 1621; x_wconf 90' lang='lat' dir='ltr'>esse</span> <span class='ocrx_word' id='word_1_92' title='bbox 1036 1555 1231 1636; x_wconf 90' lang='lat' dir='ltr'>descriptum</span> <span class='ocrx_word' id='word_1_93' title='bbox 1248 1555 1378 1619; x_wconf 90' lang='lat' dir='ltr'>demon·</span> 
     </span>
     <span class='ocr_line' id='line_1_13' title="bbox 249 1674 1379 1759; baseline -0.004 -18"><span class='ocrx_word' id='word_1_94' title='bbox 249 1678 375 1742; x_wconf 89' lang='lat' dir='ltr'>stravit.</span> <span class='ocrx_word' id='word_1_95' title='bbox 425 1678 494 1743; x_wconf 91' lang='lat' dir='ltr'>Hoc</span> <span class='ocrx_word' id='word_1_96' title='bbox 515 1677 631 1759; x_wconf 87' lang='lat' dir='ltr'>probat</span> <span class='ocrx_word' id='word_1_97' title='bbox 653 1678 750 1743; x_wconf 84' lang='lat' dir='ltr'>etiam</span> <span class='ocrx_word' id='word_1_98' title='bbox 770 1677 900 1742; x_wconf 89' lang='lat' dir='ltr'>titulus:</span> <span class='ocrx_word' id='word_1_99' title='bbox 924 1675 1031 1759; x_wconf 84' lang='lat' dir='ltr'>„Sexti</span> <span class='ocrx_word' id='word_1_100' title='bbox 1045 1674 1281 1740; x_wconf 87' lang='lat' dir='ltr'>JuliiFrontini</span> <span class='ocrx_word' id='word_1_101' title='bbox 1295 1674 1379 1738; x_wconf 91' lang='lat' dir='ltr'>liber</span> 
     </span>
     <span class='ocr_line' id='line_1_14' title="bbox 248 1788 1377 1877; baseline -0.004 -16"><span class='ocrx_word' id='word_1_102' title='bbox 248 1798 292 1863; x_wconf 90' lang='lat' dir='ltr'>de</span> <span class='ocrx_word' id='word_1_103' title='bbox 316 1798 447 1862; x_wconf 89' lang='lat' dir='ltr'>coloniis</span> <span class='ocrx_word' id='word_1_104' title='bbox 470 1798 537 1861; x_wconf 83' lang='lat' dir='ltr'>sire</span> <span class='ocrx_word' id='word_1_105' title='bbox 559 1796 642 1861; x_wconf 89' lang='lat' dir='ltr'>libor</span> <span class='ocrx_word' id='word_1_106' title='bbox 663 1788 801 1877; x_wconf 81' lang='lat' dir='ltr'>Augusti</span> <span class='ocrx_word' id='word_1_107' title='bbox 823 1796 971 1861; x_wconf 80' lang='lat' dir='ltr'>Caesaris</span> <span class='ocrx_word' id='word_1_108' title='bbox 994 1799 1028 1859; x_wconf 89' lang='lat' dir='ltr'>et</span> <span class='ocrx_word' id='word_1_109' title='bbox 1047 1792 1211 1873; x_wconf 84' lang='lat' dir='ltr'>Neronis‚“</span> <span class='ocrx_word' id='word_1_110' title='bbox 1233 1793 1287 1874; x_wconf 86' lang='lat' dir='ltr'>qvi</span> <span class='ocrx_word' id='word_1_111' title='bbox 1302 1794 1377 1857; x_wconf 82' lang='lat' dir='ltr'>titu-</span> 
     </span>
     <span class='ocr_line' id='line_1_15' title="bbox 252 1911 1379 1995; baseline -0.003 -16"><span class='ocrx_word' id='word_1_112' title='bbox 252 1916 302 1979; x_wconf 87' lang='lat' dir='ltr'>lus</span> <span class='ocrx_word' id='word_1_113' title='bbox 337 1917 405 1980; x_wconf 87' lang='lat' dir='ltr'>sine</span> <span class='ocrx_word' id='word_1_114' title='bbox 439 1916 544 1995; x_wconf 85' lang='lat' dir='ltr'>dubio,</span> <span class='ocrx_word' id='word_1_115' title='bbox 578 1920 615 1980; x_wconf 91' lang='lat' dir='ltr'>ut</span> <span class='ocrx_word' id='word_1_116' title='bbox 642 1916 736 1981; x_wconf 93' lang='lat' dir='ltr'>docet</span> <span class='ocrx_word' id='word_1_117' title='bbox 762 1917 862 1980; x_wconf 86' lang='lat' dir='ltr'>codex</span> <span class='ocrx_word' id='word_1_118' title='bbox 883 1916 923 1994; x_wconf 89' lang='lat' dir='ltr'>D,</span> <span class='ocrx_word' id='word_1_119' title='bbox 952 1915 985 1978; x_wconf 90' lang='lat' dir='ltr'>in</span> <span class='ocrx_word' id='word_1_120' title='bbox 1005 1914 1152 1978; x_wconf 84' lang='lat' dir='ltr'>vaticano</span> <span class='ocrx_word' id='word_1_121' title='bbox 1174 1916 1234 1977; x_wconf 90' lang='lat' dir='ltr'>est.</span> <span class='ocrx_word' id='word_1_122' title='bbox 1279 1911 1379 1989; x_wconf 79' lang='lat' dir='ltr'>Quem</span> 
     </span>
     <span class='ocr_line' id='line_1_16' title="bbox 251 2030 1380 2115; baseline -0.003 -18"><span class='ocrx_word' id='word_1_123' title='bbox 251 2033 308 2098; x_wconf 87' lang='lat' dir='ltr'>ubi</span> <span class='ocrx_word' id='word_1_124' title='bbox 340 2034 458 2099; x_wconf 85' lang='lat' dir='ltr'>Zanchi</span> <span class='ocrx_word' id='word_1_125' title='bbox 485 2033 652 2113; x_wconf 82' lang='lat' dir='ltr'>invenerit,</span> <span class='ocrx_word' id='word_1_126' title='bbox 685 2052 749 2098; x_wconf 94' lang='lat' dir='ltr'>non</span> <span class='ocrx_word' id='word_1_127' title='bbox 776 2039 880 2115; x_wconf 81' lang='lat' dir='ltr'>patet3</span> <span class='ocrx_word' id='word_1_128' title='bbox 913 2032 1049 2102; x_wconf 84' lang='lat' dir='ltr'>forsitan</span> <span class='ocrx_word' id='word_1_129' title='bbox 1076 2050 1148 2097; x_wconf 90' lang='lat' dir='ltr'>eum</span> <span class='ocrx_word' id='word_1_130' title='bbox 1174 2030 1302 2096; x_wconf 86' lang='lat' dir='ltr'>finxerit</span> <span class='ocrx_word' id='word_1_131' title='bbox 1327 2030 1380 2095; x_wconf 87' lang='lat' dir='ltr'>vel</span> 
     </span>
     <span class='ocr_line' id='line_1_17' title="bbox 252 2150 1381 2234; baseline -0.004 -17"><span class='ocrx_word' id='word_1_132' title='bbox 252 2153 295 2217; x_wconf 93' lang='lat' dir='ltr'>ob</span> <span class='ocrx_word' id='word_1_133' title='bbox 324 2172 391 2217; x_wconf 88' lang='lat' dir='ltr'>rem</span> <span class='ocrx_word' id='word_1_134' title='bbox 416 2152 567 2234; x_wconf 88' lang='lat' dir='ltr'>pusillam</span> <span class='ocrx_word' id='word_1_135' title='bbox 594 2153 628 2216; x_wconf 94' lang='lat' dir='ltr'>in</span> <span class='ocrx_word' id='word_1_136' title='bbox 654 2152 800 2216; x_wconf 89' lang='lat' dir='ltr'>Frontini</span> <span class='ocrx_word' id='word_1_137' title='bbox 822 2170 939 2217; x_wconf 87' lang='lat' dir='ltr'>nomen</span> <span class='ocrx_word' id='word_1_138' title='bbox 959 2152 1116 2231; x_wconf 85' lang='lat' dir='ltr'>inciderit,</span> <span class='ocrx_word' id='word_1_139' title='bbox 1139 2156 1175 2216; x_wconf 91' lang='lat' dir='ltr'>ut</span> <span class='ocrx_word' id='word_1_140' title='bbox 1196 2150 1381 2231; x_wconf 85' lang='lat' dir='ltr'>subscripti-</span> 
     </span>
     <span class='ocr_line' id='line_1_18' title="bbox 252 2270 1381 2351; baseline -0.003 -15"><span class='ocrx_word' id='word_1_141' title='bbox 252 2290 348 2336; x_wconf 92' lang='lat' dir='ltr'>onem</span> <span class='ocrx_word' id='word_1_142' title='bbox 372 2272 489 2337; x_wconf 88' lang='lat' dir='ltr'>codicis</span> <span class='ocrx_word' id='word_1_143' title='bbox 510 2272 681 2336; x_wconf 85' lang='lat' dir='ltr'>arcerioni:</span> <span class='ocrx_word' id='word_1_144' title='bbox 705 2273 745 2337; x_wconf 92' lang='lat' dir='ltr'>de</span> <span class='ocrx_word' id='word_1_145' title='bbox 762 2271 971 2337; x_wconf 89' lang='lat' dir='ltr'>divisionibus</span> <span class='ocrx_word' id='word_1_146' title='bbox 986 2289 1136 2351; x_wconf 88' lang='lat' dir='ltr'>agrorum</span> <span class='ocrx_word' id='word_1_147' title='bbox 1152 2270 1185 2334; x_wconf 92' lang='lat' dir='ltr'>in</span> <span class='ocrx_word' id='word_1_148' title='bbox 1202 2288 1282 2348; x_wconf 90' lang='lat' dir='ltr'>eam,</span> <span class='ocrx_word' id='word_1_149' title='bbox 1302 2288 1381 2351; x_wconf 87' lang='lat' dir='ltr'>qvae</span> 
     </span>
     <span class='ocr_line' id='line_1_19' title="bbox 253 2387 1384 2471; baseline -0.003 -16"><span class='ocrx_word' id='word_1_150' title='bbox 253 2392 350 2471; x_wconf 83' lang='lat' dir='ltr'>vulgo</span> <span class='ocrx_word' id='word_1_151' title='bbox 379 2392 497 2455; x_wconf 83' lang='lat' dir='ltr'>fertur:</span> <span class='ocrx_word' id='word_1_152' title='bbox 536 2391 575 2455; x_wconf 90' lang='lat' dir='ltr'>de</span> <span class='ocrx_word' id='word_1_153' title='bbox 604 2391 833 2455; x_wconf 89' lang='lat' dir='ltr'>munitionibus</span> <span class='ocrx_word' id='word_1_154' title='bbox 861 2395 1038 2454; x_wconf 84' lang='lat' dir='ltr'>castrorum</span> <span class='ocrx_word' id='word_1_155' title='bbox 1065 2388 1209 2453; x_wconf 86' lang='lat' dir='ltr'>mutavit.</span> <span class='ocrx_word' id='word_1_156' title='bbox 1256 2387 1384 2453; x_wconf 84' lang='lat' dir='ltr'>Laudat</span> 
     </span>
     <span class='ocr_line' id='line_1_20' title="bbox 252 2507 1385 2593; baseline -0.002 -20"><span class='ocrx_word' id='word_1_157' title='bbox 252 2528 334 2574; x_wconf 85' lang='lat' dir='ltr'>sane</span> <span class='ocrx_word' id='word_1_158' title='bbox 357 2509 496 2574; x_wconf 85' lang='lat' dir='ltr'>Galland</span> <span class='ocrx_word' id='word_1_159' title='bbox 517 2510 678 2593; x_wconf 79' lang='lat' dir='ltr'>Hyginum</span> <span class='ocrx_word' id='word_1_160' title='bbox 701 2510 740 2575; x_wconf 93' lang='lat' dir='ltr'>de</span> <span class='ocrx_word' id='word_1_161' title='bbox 762 2510 877 2574; x_wconf 89' lang='lat' dir='ltr'>castris</span> <span class='ocrx_word' id='word_1_162' title='bbox 898 2510 1066 2588; x_wconf 75' lang='lat' dir='ltr'>metandis,</span> <span class='ocrx_word' id='word_1_163' title='bbox 1088 2526 1152 2573; x_wconf 91' lang='lat' dir='ltr'>non</span> <span class='ocrx_word' id='word_1_164' title='bbox 1175 2508 1214 2572; x_wconf 90' lang='lat' dir='ltr'>de</span> <span class='ocrx_word' id='word_1_165' title='bbox 1235 2507 1385 2572; x_wconf 92' lang='lat' dir='ltr'>munitio-</span> 
     </span>
     <span class='ocr_line' id='line_1_21' title="bbox 257 2626 1383 2709; baseline 0 -18"><span class='ocrx_word' id='word_1_166' title='bbox 257 2628 351 2693; x_wconf 88' lang='lat' dir='ltr'>nibus</span> <span class='ocrx_word' id='word_1_167' title='bbox 376 2633 565 2708; x_wconf 85' lang='lat' dir='ltr'>csstrorum,</span> <span class='ocrx_word' id='word_1_168' title='bbox 591 2633 624 2693; x_wconf 88' lang='lat' dir='ltr'>et</span> <span class='ocrx_word' id='word_1_169' title='bbox 645 2629 810 2709; x_wconf 88' lang='lat' dir='ltr'>catalogus</span> <span class='ocrx_word' id='word_1_170' title='bbox 827 2628 969 2694; x_wconf 91' lang='lat' dir='ltr'>codicum</span> <span class='ocrx_word' id='word_1_171' title='bbox 988 2645 1070 2692; x_wconf 88' lang='lat' dir='ltr'>man.</span> <span class='ocrx_word' id='word_1_172' title='bbox 1086 2626 1163 2692; x_wconf 92' lang='lat' dir='ltr'>bibl.</span> <span class='ocrx_word' id='word_1_173' title='bbox 1181 2644 1248 2707; x_wconf 84' lang='lat' dir='ltr'>reg.</span> <span class='ocrx_word' id='word_1_174' title='bbox 1263 2627 1383 2691; x_wconf 80' lang='lat' dir='ltr'>Par.**</span> 
     </span>
     <span class='ocr_line' id='line_1_22' title="bbox 256 2743 1386 2829; baseline 0 -18"><span class='ocrx_word' id='word_1_175' title='bbox 256 2748 373 2811; x_wconf 91' lang='lat' dir='ltr'>eodem</span> <span class='ocrx_word' id='word_1_176' title='bbox 404 2748 499 2812; x_wconf 92' lang='lat' dir='ltr'>modo</span> <span class='ocrx_word' id='word_1_177' title='bbox 527 2747 637 2811; x_wconf 83' lang='lat' dir='ltr'>habet:</span> <span class='ocrx_word' id='word_1_178' title='bbox 671 2747 842 2829; x_wconf 75' lang='lat' dir='ltr'>„Eiusdem</span> <span class='ocrx_word' id='word_1_179' title='bbox 868 2743 1082 2829; x_wconf 50' lang='lat' dir='ltr'>(zjllyginil</span> <span class='ocrx_word' id='word_1_180' title='bbox 1100 2746 1295 2826; x_wconf 84' lang='lat' dir='ltr'>gromaticus</span> <span class='ocrx_word' id='word_1_181' title='bbox 1317 2746 1386 2811; x_wconf 86' lang='lat' dir='ltr'>sive</span> 
     </span>
     <span class='ocr_line' id='line_1_23' title="bbox 256 2865 1386 2946; baseline 0 -17"><span class='ocrx_word' id='word_1_182' title='bbox 256 2865 340 2930; x_wconf 86' lang='lat' dir='ltr'>liber</span> <span class='ocrx_word' id='word_1_183' title='bbox 367 2865 408 2931; x_wconf 93' lang='lat' dir='ltr'>de</span> <span class='ocrx_word' id='word_1_184' title='bbox 436 2867 550 2931; x_wconf 82' lang='lat' dir='ltr'>castris</span> <span class='ocrx_word' id='word_1_185' title='bbox 577 2866 763 2946; x_wconf 84' lang='lat' dir='ltr'>metandis,“</span> <span class='ocrx_word' id='word_1_186' title='bbox 796 2867 854 2931; x_wconf 91' lang='lat' dir='ltr'>sed</span> <span class='ocrx_word' id='word_1_187' title='bbox 874 2866 935 2930; x_wconf 90' lang='lat' dir='ltr'>hoc</span> <span class='ocrx_word' id='word_1_188' title='bbox 956 2865 1036 2929; x_wconf 91' lang='lat' dir='ltr'>nihil</span> <span class='ocrx_word' id='word_1_189' title='bbox 1057 2866 1146 2930; x_wconf 88' lang='lat' dir='ltr'>aliud</span> <span class='ocrx_word' id='word_1_190' title='bbox 1166 2866 1290 2946; x_wconf 91' lang='lat' dir='ltr'>probat,</span> <span class='ocrx_word' id='word_1_191' title='bbox 1322 2865 1386 2930; x_wconf 92' lang='lat' dir='ltr'>nisi</span> 
     </span>
     <span class='ocr_line' id='line_1_24' title="bbox 254 2984 1387 3066; baseline 0 -18"><span class='ocrx_word' id='word_1_192' title='bbox 254 2984 343 3065; x_wconf 77' lang='lat' dir='ltr'>qvod</span> <span class='ocrx_word' id='word_1_193' title='bbox 364 2985 524 3049; x_wconf 84' lang='lat' dir='ltr'>Hervetus</span> <span class='ocrx_word' id='word_1_194' title='bbox 546 2985 779 3065; x_wconf 89' lang='lat' dir='ltr'>ineptissimum</span> <span class='ocrx_word' id='word_1_195' title='bbox 802 2989 835 3049; x_wconf 90' lang='lat' dir='ltr'>et</span> <span class='ocrx_word' id='word_1_196' title='bbox 855 2984 959 3049; x_wconf 82' lang='lat' dir='ltr'>forma</span> <span class='ocrx_word' id='word_1_197' title='bbox 979 2984 1098 3066; x_wconf 84' lang='lat' dir='ltr'>plurali</span> <span class='ocrx_word' id='word_1_198' title='bbox 1114 2984 1294 3049; x_wconf 90' lang='lat' dir='ltr'>mirabilem</span> <span class='ocrx_word' id='word_1_199' title='bbox 1309 2984 1387 3049; x_wconf 88' lang='lat' dir='ltr'>titu-</span> 
     </span>
     <span class='ocr_line' id='line_1_25' title="bbox 259 3103 1386 3187; baseline 0.002 -21"><span class='ocrx_word' id='word_1_200' title='bbox 259 3104 328 3167; x_wconf 90' lang='lat' dir='ltr'>lum</span> <span class='ocrx_word' id='word_1_201' title='bbox 361 3103 394 3167; x_wconf 91' lang='lat' dir='ltr'>in</span> <span class='ocrx_word' id='word_1_202' title='bbox 427 3104 525 3167; x_wconf 87' lang='lat' dir='ltr'>alium</span> <span class='ocrx_word' id='word_1_203' title='bbox 553 3104 671 3187; x_wconf 43' lang='lat' dir='ltr'>sliqvo,</span> <span class='ocrx_word' id='word_1_204' title='bbox 685 3108 773 3168; x_wconf 85' lang='lat' dir='ltr'>certe</span> <span class='ocrx_word' id='word_1_205' title='bbox 798 3104 965 3168; x_wconf 89' lang='lat' dir='ltr'>meliorem</span> <span class='ocrx_word' id='word_1_206' title='bbox 992 3104 1112 3184; x_wconf 86' lang='lat' dir='ltr'>etjam</span> <span class='ocrx_word' id='word_1_207' title='bbox 1133 3121 1154 3166; x_wconf 87' lang='lat' dir='ltr'>a</span> <span class='ocrx_word' id='word_1_208' title='bbox 1174 3103 1386 3168; x_wconf 87' lang='lat' dir='ltr'>Volaterrano</span> 
     </span>
    </p>
   </div>
   <div class='ocr_carea' id='block_1_3' title="bbox 257 3212 1389 3425">
    <p class='ocr_par' dir='ltr' id='par_1_4' title="bbox 257 3212 1389 3425">
     <span class='ocr_line' id='line_1_26' title="bbox 257 3212 1387 3305; baseline 0 -19"><span class='ocrx_word' id='word_1_209' title='bbox 257 3222 422 3303; x_wconf 86' lang='lat' dir='ltr'>(paullum</span> <span class='ocrx_word' id='word_1_210' title='bbox 443 3223 614 3304; x_wconf 90' lang='lat' dir='ltr'>mutatum)</span> <span class='ocrx_word' id='word_1_211' title='bbox 636 3226 801 3305; x_wconf 87' lang='lat' dir='ltr'>receptum</span> <span class='ocrx_word' id='word_1_212' title='bbox 823 3223 971 3288; x_wconf 86' lang='lat' dir='ltr'>correxit.</span> <span class='ocrx_word' id='word_1_213' title='bbox 1013 3212 1142 3287; x_wconf 87' lang='lat' dir='ltr'>Nullius</span> <span class='ocrx_word' id='word_1_214' title='bbox 1158 3224 1310 3289; x_wconf 87' lang='lat' dir='ltr'>momenti</span> <span class='ocrx_word' id='word_1_215' title='bbox 1327 3227 1387 3301; x_wconf 88' lang='lat' dir='ltr'>est,</span> 
     </span>
     <span class='ocr_line' id='line_1_27' title="bbox 259 3340 1389 3425; baseline 0.002 -21"><span class='ocrx_word' id='word_1_216' title='bbox 259 3345 296 3404; x_wconf 91' lang='lat' dir='ltr'>ut</span> <span class='ocrx_word' id='word_1_217' title='bbox 318 3346 405 3406; x_wconf 86' lang='lat' dir='ltr'>recte</span> <span class='ocrx_word' id='word_1_218' title='bbox 427 3340 609 3406; x_wconf 83' lang='lat' dir='ltr'>Blume***</span> <span class='ocrx_word' id='word_1_219' title='bbox 631 3342 764 3421; x_wconf 83' lang='lat' dir='ltr'>monuit,</span> <span class='ocrx_word' id='word_1_220' title='bbox 785 3342 870 3423; x_wconf 78' lang='lat' dir='ltr'>qvod</span> <span class='ocrx_word' id='word_1_221' title='bbox 881 3343 1046 3422; x_wconf 87' lang='lat' dir='ltr'>catalogus</span> <span class='ocrx_word' id='word_1_222' title='bbox 1056 3342 1274 3425; x_wconf 90' lang='lat' dir='ltr'>parisiensis†</span> <span class='ocrx_word' id='word_1_223' title='bbox 1296 3342 1389 3406; x_wconf 92' lang='lat' dir='ltr'>illum</span> 
     </span>
    </p>
   </div>
   <div class='ocr_carea' id='block_1_4' title="bbox 260 3584 1393 4122">
    <p class='ocr_par' dir='ltr' id='par_1_5' title="bbox 260 3584 1393 4122">
     <span class='ocr_line' id='line_1_28' title="bbox 387 3584 775 3652; baseline 0.013 -14"><span class='ocrx_word' id='word_1_224' title='bbox 387 3587 399 3614; x_wconf 80' lang='grc'><strong>*</strong></span> <span class='ocrx_word' id='word_1_225' title='bbox 418 3584 587 3640; x_wconf 84' lang='lat' dir='ltr'>Feldmesser</span> <span class='ocrx_word' id='word_1_226' title='bbox 604 3585 638 3652; x_wconf 91' lang='grc' dir='ltr'>ΙΙ,</span> <span class='ocrx_word' id='word_1_227' title='bbox 656 3588 716 3642; x_wconf 81' lang='grc'><strong>473.</strong></span> <span class='ocrx_word' id='word_1_228' title='bbox 773 3589 775 3595; x_wconf 83' lang='grc'><strong>’</strong></span> 
     </span>
     <span class='ocr_line' id='line_1_29' title="bbox 378 3678 679 3747; baseline 0.013 -17"><span class='ocrx_word' id='word_1_229' title='bbox 378 3681 403 3709; x_wconf 78' lang='grc'>**</span> <span class='ocrx_word' id='word_1_230' title='bbox 421 3678 494 3732; x_wconf 83' lang='lat' dir='ltr'>Tom.</span> <span class='ocrx_word' id='word_1_231' title='bbox 511 3679 559 3742; x_wconf 85' lang='lat' dir='ltr'>IV,</span> <span class='ocrx_word' id='word_1_232' title='bbox 576 3696 603 3747; x_wconf 90' lang='lat' dir='ltr'>p.</span> <span class='ocrx_word' id='word_1_233' title='bbox 620 3682 679 3736; x_wconf 83' lang='lat'>329.</span> 
     </span>
     <span class='ocr_line' id='line_1_30' title="bbox 364 3744 753 3840; baseline 0.013 -17"><span class='ocrx_word' id='word_1_234' title='bbox 364 3774 401 3801; x_wconf 64' lang='lat'>*⁸*</span> <span class='ocrx_word' id='word_1_235' title='bbox 419 3771 515 3826; x_wconf 80' lang='lat' dir='ltr'>anem.</span> <span class='ocrx_word' id='word_1_236' title='bbox 533 3771 570 3825; x_wconf 88' lang='lat' dir='ltr'>m.</span> <span class='ocrx_word' id='word_1_237' title='bbox 588 3771 649 3840; x_wconf 85' lang='lat' dir='ltr'>vn,</span> <span class='ocrx_word' id='word_1_238' title='bbox 667 3744 753 3828; x_wconf 58' lang='lat' dir='ltr'>cors</span> 
     </span>
     <span class='ocr_line' id='line_1_31' title="bbox 380 3865 1392 3936; baseline 0.002 -17"><span class='ocrx_word' id='word_1_239' title='bbox 380 3869 400 3929; x_wconf 87' lang='lat'><em>†</em></span> <span class='ocrx_word' id='word_1_240' title='bbox 418 3865 450 3919; x_wconf 93' lang='lat' dir='ltr'>In</span> <span class='ocrx_word' id='word_1_241' title='bbox 477 3881 527 3933; x_wconf 88' lang='lat' dir='ltr'>qvo</span> <span class='ocrx_word' id='word_1_242' title='bbox 551 3882 644 3935; x_wconf 88' lang='lat' dir='ltr'>parum</span> <span class='ocrx_word' id='word_1_243' title='bbox 670 3866 785 3920; x_wconf 84' lang='lat' dir='ltr'>interest</span> <span class='ocrx_word' id='word_1_244' title='bbox 806 3868 912 3920; x_wconf 87' lang='lat' dir='ltr'>saeculo</span> <span class='ocrx_word' id='word_1_245' title='bbox 933 3868 994 3936; x_wconf 92' lang='lat' dir='ltr'>plns</span> <span class='ocrx_word' id='word_1_246' title='bbox 1016 3867 1058 3921; x_wconf 84' lang='lat' dir='ltr'>vel</span> <span class='ocrx_word' id='word_1_247' title='bbox 1075 3866 1163 3920; x_wconf 86' lang='lat' dir='ltr'>minus</span> <span class='ocrx_word' id='word_1_248' title='bbox 1180 3867 1276 3931; x_wconf 83' lang='lat' dir='ltr'>statui3</span> <span class='ocrx_word' id='word_1_249' title='bbox 1295 3869 1326 3920; x_wconf 88' lang='lat' dir='ltr'>nt</span> <span class='ocrx_word' id='word_1_250' title='bbox 1344 3866 1392 3936; x_wconf 79' lang='lat' dir='ltr'>qvi</span> 
     </span>
     <span class='ocr_line' id='line_1_32' title="bbox 260 3958 1393 4046; baseline 0.003 -35"><span class='ocrx_word' id='word_1_251' title='bbox 260 3958 383 4027; x_wconf 75' lang='lat' dir='ltr'>sequitur</span> <span class='ocrx_word' id='word_1_252' title='bbox 400 3958 481 4012; x_wconf 88' lang='lat' dir='ltr'>codex</span> <span class='ocrx_word' id='word_1_253' title='bbox 499 3960 555 4027; x_wconf 83' lang='lat' dir='ltr'>(mo</span> <span class='ocrx_word' id='word_1_254' title='bbox 575 3962 652 4026; x_wconf 81' lang='grc'>7230)</span> <span class='ocrx_word' id='word_1_255' title='bbox 676 3960 784 4029; x_wconf 82' lang='lat' dir='ltr'>Vegetii</span> <span class='ocrx_word' id='word_1_256' title='bbox 801 3976 850 4028; x_wconf 90' lang='lat' dir='ltr'>pro</span> <span class='ocrx_word' id='word_1_257' title='bbox 873 3958 974 4013; x_wconf 90' lang='lat' dir='ltr'>docimo</span> <span class='ocrx_word' id='word_1_258' title='bbox 992 3960 1020 4013; x_wconf 92' lang='lat' dir='ltr'>in</span> <span class='ocrx_word' id='word_1_259' title='bbox 1037 3976 1134 4046; x_wconf 62' lang='lat' dir='ltr'>nogpm</span> <span class='ocrx_word' id='word_1_260' title='bbox 1150 3961 1285 4015; x_wconf 85' lang='lat' dir='ltr'>soeculum</span> <span class='ocrx_word' id='word_1_261' title='bbox 1301 3962 1393 4015; x_wconf 70' lang='lat' dir='ltr'>mans-</span> 
     </span>
     <span class='ocr_line' id='line_1_33' title="bbox 267 4050 969 4122; baseline 0.004 -17"><span class='ocrx_word' id='word_1_262' title='bbox 267 4051 372 4119; x_wconf 85' lang='lat' dir='ltr'>positus</span> <span class='ocrx_word' id='word_1_263' title='bbox 390 4050 468 4105; x_wconf 87' lang='lat' dir='ltr'>docet</span> <span class='ocrx_word' id='word_1_264' title='bbox 485 4052 581 4121; x_wconf 75' lang='lat' dir='ltr'>(hang,</span> <span class='ocrx_word' id='word_1_265' title='bbox 599 4052 683 4121; x_wconf 83' lang='lat' dir='ltr'>praef.</span> <span class='ocrx_word' id='word_1_266' title='bbox 701 4052 735 4107; x_wconf 85' lang='lat' dir='ltr'>ad</span> <span class='ocrx_word' id='word_1_267' title='bbox 753 4052 820 4122; x_wconf 82' lang='lat' dir='ltr'>Veg.</span> <span class='ocrx_word' id='word_1_268' title='bbox 836 4070 864 4122; x_wconf 85' lang='lat' dir='ltr'>p.</span> <span class='ocrx_word' id='word_1_269' title='bbox 881 4053 969 4122; x_wconf 85' lang='lat' dir='ltr'>XIII.)</span> 
     </span>
    </p>
   </div>
   <div class='ocr_carea' id='block_1_5' title="bbox 0 0 1512 4667">
    <p class='ocr_par' dir='ltr' id='par_1_6' title="bbox 0 0 1512 4667">
     <span class='ocr_line' id='line_1_34' title="bbox 0 0 1512 4667; baseline 0 0"><span class='ocrx_word' id='word_1_270' title='bbox 0 0 1512 4667; x_wconf 95' lang='lat' dir='ltr'> </span> 
     </span>
    </p>
   </div>
  </div>
 </body>
</html>
